timestamp,timestamp_ms,best_bid_price,best_bid_size,best_ask_price,best_ask_size,mid_price,spread,ofi,ofi_simple,delta_mid_price,delta_best_bid,delta_best_ask,delta_bid_size,delta_ask_size,total_bid_size,total_ask_size,total_depth,time_diff
2025-11-01 00:00:15.531,1761980415531,0.001,814292.65,0.999,1504571.92,0.5,0.998,0.0,0.0,0.0,0.0,0.0,0.0,0.0,5184302.820000001,4765972.599999999,9950275.42,10.31
2025-11-01 00:00:21.868,1761980421868,0.001,814292.65,0.999,1504571.92,0.5,0.998,0.0,0.0,0.0,0.0,0.0,0.0,0.0,5180541.56,4764250.05,9944791.61,6.337
2025-11-01 00:00:24.111,1761980424111,0.001,814292.65,0.999,1504571.92,0.5,0.998,0.0,0.0,0.0,0.0,0.0,0.0,0.0,5180358.850000001,4764250.05,9944608.9,2.243
2025-11-01 00:00:51.875,1761980451875,0.001,814292.65,0.999,1504571.92,0.5,0.998,0.0,0.0,0.0,0.0,0.0,0.0,0.0,5182083.83,4764573.69,9946657.52,27.764
2025-11-01 00:01:02.027,1761980462027,0.001,814292.65,0.999,1504571.92,0.5,0.998,0.0,0.0,0.0,0.0,0.0,0.0,0.0,5181930.220000001,4764582.57,9946512.790000001,10.152
2025-11-01 00:01:19.897,1761980479897,0.001,814292.65,0.999,1504571.92,0.5,0.998,0.0,0.0,0.0,0.0,0.0,0.0,0.0,5180880.220000001,4764504.77,9945384.99,17.87
2025-11-01 00:01:20.951,1761980480951,0.001,814292.65,0.999,1504571.92,0.5,0.998,0.0,0.0,0.0,0.0,0.0,0.0,0.0,5181058.220000001,4764832.18,9945890.4,1.054
2025-11-01 00:01:29.721,1761980489721,0.001,814292.65,0.999,1504571.92,0.5,0.998,0.0,0.0,0.0,0.0,0.0,0.0,0.0,5180676.57,4820613.2700000005,10001289.84,8.77
2025-11-01 00:01:38.035,1761980498035,0.001,814292.65,0.999,1504571.92,0.5,0.998,0.0,0.0,0.0,0.0,0.0,0.0,0.0,5181176.57,4818734.090000001,9999910.66,8.314
2025-11-01 00:01:55.515,1761980515515,0.001,814292.65,0.999,1504571.92,0.5,0.998,0.0,0.0,0.0,0.0,0.0,0.0,0.0,5180742.58,4818739.090000001,9999481.670000002,17.48
2025-11-01 00:02:05.676,1761980525676,0.001,814292.65,0.999,1504571.92,0.5,0.998,0.0,0.0,0.0,0.0,0.0,0.0,0.0,5172013.31,4824064.070000001,9996077.38,10.161
2025-11-01 00:02:23.614,1761980543614,0.001,814292.65,0.999,1504571.92,0.5,0.998,0.0,0.0,0.0,0.0,0.0,0.0,0.0,5180993.23,4828243.090000001,10009236.32,17.938
2025-11-01 00:02:40.617,1761980560617,0.001,814292.65,0.999,1504571.92,0.5,0.998,0.0,0.0,0.0,0.0,0.0,0.0,0.0,5181428.86,4829887.5,10011316.36,17.003
2025-11-01 00:02:40.624,1761980560624,0.001,814292.65,0.999,1504571.92,0.5,0.998,0.0,0.0,0.0,0.0,0.0,0.0,0.0,5181428.86,4829620.04,10011048.9,0.007
2025-11-01 00:02:43.725,1761980563725,0.001,814292.65,0.999,1504571.92,0.5,0.998,0.0,0.0,0.0,0.0,0.0,0.0,0.0,5174308.149999999,4827849.28,10002157.43,3.101
2025-11-01 00:02:48.103,1761980568103,0.001,814292.65,0.999,1504571.92,0.5,0.998,0.0,0.0,0.0,0.0,0.0,0.0,0.0,5183836.520000001,4828982.88,10012819.400000002,4.378
2025-11-01 00:03:28.641,1761980608641,0.001,814292.65,0.999,1504571.92,0.5,0.998,0.0,0.0,0.0,0.0,0.0,0.0,0.0,5183531.53,4780217.289999999,9963748.82,40.538
2025-11-01 00:03:54.958,1761980634958,0.001,814292.65,0.999,1504571.92,0.5,0.998,0.0,0.0,0.0,0.0,0.0,0.0,0.0,5184382.98,4775495.199999999,9959878.18,26.317
2025-11-01 00:04:23.730,1761980663730,0.001,814292.65,0.999,1504571.92,0.5,0.998,0.0,0.0,0.0,0.0,0.0,0.0,0.0,5186188.0,4780204.559999999,9966392.559999999,28.772
2025-11-01 00:04:28.087,1761980668087,0.001,814292.65,0.999,1504571.92,0.5,0.998,0.0,0.0,0.0,0.0,0.0,0.0,0.0,5189089.699999999,4778717.139999999,9967806.839999998,4.357
2025-11-01 00:04:34.339,1761980674339,0.001,814292.65,0.999,1504571.92,0.5,0.998,0.0,0.0,0.0,0.0,0.0,0.0,0.0,5188018.9399999995,4778555.389999999,9966574.329999998,6.252
2025-11-01 00:04:36.692,1761980676692,0.001,814292.65,0.999,1504571.92,0.5,0.998,0.0,0.0,0.0,0.0,0.0,0.0,0.0,5188018.9399999995,4770766.1499999985,9958785.089999998,2.353
2025-11-01 00:04:38.892,1761980678892,0.001,814292.65,0.999,1504571.92,0.5,0.998,0.0,0.0,0.0,0.0,0.0,0.0,0.0,5187751.4799999995,4770766.1499999985,9958517.629999999,2.2
2025-11-01 00:04:40.199,1761980680199,0.001,814292.65,0.999,1504571.92,0.5,0.998,0.0,0.0,0.0,0.0,0.0,0.0,0.0,5186278.649999999,4771033.6099999985,9957312.259999998,1.307
2025-11-01 00:04:44.176,1761980684176,0.001,814292.65,0.999,1504571.92,0.5,0.998,0.0,0.0,0.0,0.0,0.0,0.0,0.0,5187367.740000001,4772605.079999999,9959972.82,3.977
2025-11-01 00:04:57.713,1761980697713,0.001,814292.65,0.999,1504571.92,0.5,0.998,0.0,0.0,0.0,0.0,0.0,0.0,0.0,5186405.0,4779746.119999999,9966151.12,13.537
2025-11-01 00:05:25.117,1761980725117,0.001,814292.65,0.999,1504571.92,0.5,0.998,0.0,0.0,0.0,0.0,0.0,0.0,0.0,5186230.0,4780028.879999999,9966258.879999999,27.404
2025-11-01 00:05:34.625,1761980734625,0.001,814292.65,0.999,1504571.92,0.5,0.998,0.0,0.0,0.0,0.0,0.0,0.0,0.0,5186650.92,4780028.879999999,9966679.799999999,9.508
2025-11-01 00:06:01.087,1761980761087,0.001,814292.65,0.999,1503655.17,0.5,0.998,916.75,916.75,0.0,0.0,0.0,0.0,-916.75,5190101.25,4780351.129999999,9970452.379999999,26.462
2025-11-01 00:06:02.969,1761980762969,0.001,814292.65,0.999,1503655.17,0.5,0.998,0.0,0.0,0.0,0.0,0.0,0.0,0.0,5189867.74,4780351.129999999,9970218.87,1.882
2025-11-01 00:06:07.677,1761980767677,0.001,814292.65,0.999,1503655.17,0.5,0.998,0.0,0.0,0.0,0.0,0.0,0.0,0.0,5189472.74,4780791.409999999,9970264.149999999,4.708
2025-11-01 00:06:13.694,1761980773694,0.001,814292.65,0.999,1503655.17,0.5,0.998,0.0,0.0,0.0,0.0,0.0,0.0,0.0,5189472.74,4780788.219999999,9970260.959999999,6.017
2025-11-01 00:06:14.959,1761980774959,0.001,814292.65,0.999,1503655.17,0.5,0.998,0.0,0.0,0.0,0.0,0.0,0.0,0.0,5189472.74,4780779.549999999,9970252.29,1.265
2025-11-01 00:06:34.492,1761980794492,0.001,814292.65,0.999,1503655.17,0.5,0.998,0.0,0.0,0.0,0.0,0.0,0.0,0.0,5189472.74,4779777.429999999,9969250.169999998,19.533
2025-11-01 00:06:59.915,1761980819915,0.001,814292.65,0.999,1503655.17,0.5,0.998,0.0,0.0,0.0,0.0,0.0,0.0,0.0,5190766.68,4777922.419999999,9968689.099999998,25.423
2025-11-01 00:07:01.460,1761980821460,0.001,814292.65,0.999,1503655.17,0.5,0.998,0.0,0.0,0.0,0.0,0.0,0.0,0.0,5190716.68,4777901.419999999,9968618.099999998,1.545
2025-11-01 00:07:12.298,1761980832298,0.001,814292.65,0.999,1504733.67,0.5,0.998,-1078.5,-1078.5,0.0,0.0,0.0,0.0,1078.5,5190572.96,4779059.919999999,9969632.879999999,10.838
2025-11-01 00:07:14.830,1761980834830,0.001,814292.65,0.999,1504733.67,0.5,0.998,0.0,0.0,0.0,0.0,0.0,0.0,0.0,5190258.5,4780929.289999999,9971187.79,2.532
2025-11-01 00:07:21.611,1761980841611,0.001,814292.65,0.999,1504733.67,0.5,0.998,0.0,0.0,0.0,0.0,0.0,0.0,0.0,5189980.48,4780699.409999999,9970679.89,6.781
2025-11-01 00:08:12.673,1761980892673,0.001,814292.65,0.999,1504733.67,0.5,0.998,0.0,0.0,0.0,0.0,0.0,0.0,0.0,5189408.180000001,4778541.509999999,9967949.69,51.062
2025-11-01 00:08:17.053,1761980897053,0.001,814292.65,0.999,1504733.67,0.5,0.998,0.0,0.0,0.0,0.0,0.0,0.0,0.0,5189508.180000001,4778931.939999999,9968440.12,4.38
2025-11-01 00:08:52.158,1761980932158,0.001,814292.65,0.999,1504733.67,0.5,0.998,0.0,0.0,0.0,0.0,0.0,0.0,0.0,5185978.130000001,4777017.219999998,9962995.349999998,35.105
2025-11-01 00:08:59.731,1761980939731,0.001,814292.65,0.999,1504733.67,0.5,0.998,0.0,0.0,0.0,0.0,0.0,0.0,0.0,5186339.070000001,4776858.159999998,9963197.23,7.573
2025-11-01 00:10:18.605,1761981018605,0.001,814292.65,0.999,1504764.67,0.5,0.998,-31.0,-31.0,0.0,0.0,0.0,0.0,31.0,5187253.2299999995,4831985.739999998,10019238.969999999,78.874
2025-11-01 00:10:25.658,1761981025658,0.001,814292.65,0.999,1504764.67,0.5,0.998,0.0,0.0,0.0,0.0,0.0,0.0,0.0,5187259.82,4833818.7299999995,10021078.55,7.053
2025-11-01 00:10:37.903,1761981037903,0.001,814292.65,0.999,1504764.67,0.5,0.998,0.0,0.0,0.0,0.0,0.0,0.0,0.0,5184947.180000001,4826720.199999998,10011667.379999999,12.245
2025-11-01 00:10:47.789,1761981047789,0.001,814292.65,0.999,1504764.67,0.5,0.998,0.0,0.0,0.0,0.0,0.0,0.0,0.0,5187672.72,4781126.739999998,9968799.459999997,9.886
2025-11-01 00:10:48.994,1761981048994,0.001,814292.65,0.999,1504764.67,0.5,0.998,0.0,0.0,0.0,0.0,0.0,0.0,0.0,5187446.68,4781126.739999998,9968573.419999998,1.205
2025-11-01 00:10:57.304,1761981057304,0.001,814292.65,0.999,1504764.67,0.5,0.998,0.0,0.0,0.0,0.0,0.0,0.0,0.0,5185881.91,4781226.409999999,9967108.32,8.31
2025-11-01 00:10:59.904,1761981059904,0.001,814292.65,0.999,1504764.67,0.5,0.998,0.0,0.0,0.0,0.0,0.0,0.0,0.0,5185455.36,4781231.409999999,9966686.77,2.6
2025-11-01 00:11:42.055,1761981102055,0.001,814292.65,0.999,1504764.67,0.5,0.998,0.0,0.0,0.0,0.0,0.0,0.0,0.0,5185575.36,4781661.819999999,9967237.18,42.151
2025-11-01 00:11:58.646,1761981118646,0.001,814292.65,0.999,1504764.67,0.5,0.998,0.0,0.0,0.0,0.0,0.0,0.0,0.0,5185327.69,4782738.519999999,9968066.209999999,16.591
2025-11-01 00:12:06.049,1761981126049,0.001,814292.65,0.999,1504764.67,0.5,0.998,0.0,0.0,0.0,0.0,0.0,0.0,0.0,5188109.110000001,4782738.519999999,9970847.629999999,7.403
2025-11-01 00:12:10.682,1761981130682,0.001,814292.65,0.999,1504764.67,0.5,0.998,0.0,0.0,0.0,0.0,0.0,0.0,0.0,5188109.110000001,4782735.329999998,9970844.44,4.633
2025-11-01 00:12:20.612,1761981140612,0.001,814292.65,0.999,1504764.67,0.5,0.998,0.0,0.0,0.0,0.0,0.0,0.0,0.0,5187709.110000001,4782720.419999999,9970429.530000001,9.93
2025-11-01 00:12:46.666,1761981166666,0.001,814292.65,0.999,1504764.67,0.5,0.998,0.0,0.0,0.0,0.0,0.0,0.0,0.0,5188106.110000001,4782485.959999999,9970592.07,26.054
2025-11-01 00:13:51.923,1761981231923,0.001,814292.65,0.999,1504764.67,0.5,0.998,0.0,0.0,0.0,0.0,0.0,0.0,0.0,5189289.240000001,4782827.029999999,9972116.27,65.257
2025-11-01 00:14:03.859,1761981243859,0.001,814292.65,0.999,1504764.67,0.5,0.998,0.0,0.0,0.0,0.0,0.0,0.0,0.0,5188872.240000001,4782823.839999999,9971696.08,11.936
2025-11-01 00:14:22.522,1761981262522,0.001,814292.65,0.999,1504764.67,0.5,0.998,0.0,0.0,0.0,0.0,0.0,0.0,0.0,5192933.7,4783501.569999998,9976435.27,18.663
2025-11-01 00:14:35.790,1761981275790,0.001,814292.65,0.999,1504764.67,0.5,0.998,0.0,0.0,0.0,0.0,0.0,0.0,0.0,5192804.84,4783501.569999998,9976306.409999998,13.268
2025-11-01 00:15:01.628,1761981301628,0.001,814292.65,0.999,1504764.67,0.5,0.998,0.0,0.0,0.0,0.0,0.0,0.0,0.0,5192804.84,4783267.809999999,9976072.649999999,25.838
2025-11-01 00:15:12.510,1761981312510,0.001,814292.65,0.999,1504764.67,0.5,0.998,0.0,0.0,0.0,0.0,0.0,0.0,0.0,5188144.1899999995,4776056.749999998,9964200.939999998,10.882
2025-11-01 00:15:23.982,1761981323982,0.001,814292.65,0.999,1504764.67,0.5,0.998,0.0,0.0,0.0,0.0,0.0,0.0,0.0,5192414.66,4773125.109999999,9965539.77,11.472
2025-11-01 00:15:35.816,1761981335816,0.001,814292.65,0.999,1504764.67,0.5,0.998,0.0,0.0,0.0,0.0,0.0,0.0,0.0,5189933.639999999,4766757.519999999,9956691.159999996,11.834
2025-11-01 00:15:40.400,1761981340400,0.001,814292.65,0.999,1504764.67,0.5,0.998,0.0,0.0,0.0,0.0,0.0,0.0,0.0,5181944.659999999,4811823.02,9993767.68,4.584
2025-11-01 00:15:47.808,1761981347808,0.001,814292.65,0.999,1504764.67,0.5,0.998,0.0,0.0,0.0,0.0,0.0,0.0,0.0,5192882.599999999,4824758.41,10017641.009999998,7.408
2025-11-01 00:15:59.158,1761981359158,0.001,814292.65,0.999,1504764.67,0.5,0.998,0.0,0.0,0.0,0.0,0.0,0.0,0.0,5191937.459999998,4824599.149999999,10016536.609999998,11.35
2025-11-01 00:16:06.245,1761981366245,0.001,814292.65,0.999,1504764.67,0.5,0.998,0.0,0.0,0.0,0.0,0.0,0.0,0.0,5191773.689999999,4823572.4799999995,10015346.169999998,7.087
2025-11-01 00:16:25.505,1761981385505,0.001,814292.65,0.999,1504764.67,0.5,0.998,0.0,0.0,0.0,0.0,0.0,0.0,0.0,5191765.709999999,4823572.4799999995,10015338.189999998,19.26
2025-11-01 00:16:45.628,1761981405628,0.001,814292.65,0.999,1504764.67,0.5,0.998,0.0,0.0,0.0,0.0,0.0,0.0,0.0,5201448.929999999,4831727.839999999,10033176.769999998,20.123
2025-11-01 00:16:45.922,1761981405922,0.001,814292.65,0.999,1504764.67,0.5,0.998,0.0,0.0,0.0,0.0,0.0,0.0,0.0,5201448.929999999,4831092.239999999,10032541.169999998,0.294
2025-11-01 00:16:49.331,1761981409331,0.001,814292.65,0.999,1504764.67,0.5,0.998,0.0,0.0,0.0,0.0,0.0,0.0,0.0,5201548.929999999,4830986.299999999,10032535.229999997,3.409
2025-11-01 00:17:12.276,1761981432276,0.001,814292.65,0.999,1504764.67,0.5,0.998,0.0,0.0,0.0,0.0,0.0,0.0,0.0,5198790.269999999,4830997.209999999,10029787.479999997,22.945
2025-11-01 00:17:18.288,1761981438288,0.001,814292.65,0.999,1504764.67,0.5,0.998,0.0,0.0,0.0,0.0,0.0,0.0,0.0,5198790.269999999,4830754.619999999,10029544.889999997,6.012
2025-11-01 00:17:19.267,1761981439267,0.001,814292.65,0.999,1504764.67,0.5,0.998,0.0,0.0,0.0,0.0,0.0,0.0,0.0,5198790.269999999,4830515.209999999,10029305.479999997,0.979
2025-11-01 00:17:20.839,1761981440839,0.001,814292.65,0.999,1504764.67,0.5,0.998,0.0,0.0,0.0,0.0,0.0,0.0,0.0,5198790.269999999,4830263.089999999,10029053.359999998,1.572
2025-11-01 00:17:30.744,1761981450744,0.001,814292.65,0.999,1504764.67,0.5,0.998,0.0,0.0,0.0,0.0,0.0,0.0,0.0,5198373.469999999,4830049.1,10028422.569999998,9.905
2025-11-01 00:17:41.682,1761981461682,0.001,814292.65,0.999,1504764.67,0.5,0.998,0.0,0.0,0.0,0.0,0.0,0.0,0.0,5198373.469999999,4829804.389999999,10028177.859999998,10.938
2025-11-01 00:17:43.536,1761981463536,0.001,814292.65,0.999,1504764.67,0.5,0.998,0.0,0.0,0.0,0.0,0.0,0.0,0.0,5198373.469999999,4829801.619999999,10028175.089999998,1.854
2025-11-01 00:17:53.298,1761981473298,0.001,814292.65,0.999,1504764.67,0.5,0.998,0.0,0.0,0.0,0.0,0.0,0.0,0.0,5203656.619999998,4827144.1499999985,10030800.769999996,9.762
2025-11-01 00:17:53.792,1761981473792,0.001,814292.65,0.999,1504764.67,0.5,0.998,0.0,0.0,0.0,0.0,0.0,0.0,0.0,5203646.619999998,4828884.179999999,10032530.799999997,0.494
2025-11-01 00:18:08.442,1761981488442,0.001,814292.65,0.999,1504764.67,0.5,0.998,0.0,0.0,0.0,0.0,0.0,0.0,0.0,5201686.7299999995,4828778.349999999,10030465.079999998,14.65
2025-11-01 00:18:09.347,1761981489347,0.001,814292.65,0.999,1504764.67,0.5,0.998,0.0,0.0,0.0,0.0,0.0,0.0,0.0,5201468.899999999,4828778.349999999,10030247.249999998,0.905
2025-11-01 00:18:17.870,1761981497870,0.001,814292.65,0.999,1504764.67,0.5,0.998,0.0,0.0,0.0,0.0,0.0,0.0,0.0,5203768.899999999,4828312.739999998,10032081.639999997,8.523
2025-11-01 00:18:23.985,1761981503985,0.001,814292.65,0.999,1504764.67,0.5,0.998,0.0,0.0,0.0,0.0,0.0,0.0,0.0,5203768.899999999,4828216.119999998,10031985.019999998,6.115
2025-11-01 00:18:50.447,1761981530447,0.001,814292.65,0.999,1504764.67,0.5,0.998,0.0,0.0,0.0,0.0,0.0,0.0,0.0,5203964.41,4828290.619999999,10032255.03,26.462
2025-11-01 00:18:52.879,1761981532879,0.001,814292.65,0.999,1504764.67,0.5,0.998,0.0,0.0,0.0,0.0,0.0,0.0,0.0,5203964.41,4828287.439999999,10032251.849999998,2.432
2025-11-01 00:18:55.728,1761981535728,0.001,814292.65,0.999,1504764.67,0.5,0.998,0.0,0.0,0.0,0.0,0.0,0.0,0.0,5203260.12,4828287.439999999,10031547.559999999,2.849
2025-11-01 00:18:58.591,1761981538591,0.001,814292.65,0.999,1504764.67,0.5,0.998,0.0,0.0,0.0,0.0,0.0,0.0,0.0,5202908.01,4828287.439999999,10031195.45,2.863
2025-11-01 00:19:01.064,1761981541064,0.001,814292.65,0.999,1504764.67,0.5,0.998,0.0,0.0,0.0,0.0,0.0,0.0,0.0,5202752.43,4828287.439999999,10031039.869999997,2.473
2025-11-01 00:19:01.472,1761981541472,0.001,814292.65,0.999,1504764.67,0.5,0.998,0.0,0.0,0.0,0.0,0.0,0.0,0.0,5202613.03,4828287.439999999,10030900.469999999,0.408
2025-11-01 00:19:01.844,1761981541844,0.001,814292.65,0.999,1504764.67,0.5,0.998,0.0,0.0,0.0,0.0,0.0,0.0,0.0,5202368.33,4828287.439999999,10030655.77,0.372
2025-11-01 00:19:07.600,1761981547600,0.001,814292.65,0.999,1504764.67,0.5,0.998,0.0,0.0,0.0,0.0,0.0,0.0,0.0,5201054.35,4828287.439999999,10029341.79,5.756
2025-11-01 00:19:25.012,1761981565012,0.001,814292.65,0.999,1504764.67,0.5,0.998,0.0,0.0,0.0,0.0,0.0,0.0,0.0,5200889.49,4828343.16,10029232.65,17.412
2025-11-01 00:19:33.897,1761981573897,0.001,814292.65,0.999,1504764.67,0.5,0.998,0.0,0.0,0.0,0.0,0.0,0.0,0.0,5200761.63,4828343.16,10029104.79,8.885
2025-11-01 00:19:54.787,1761981594787,0.001,814292.65,0.999,1504764.67,0.5,0.998,0.0,0.0,0.0,0.0,0.0,0.0,0.0,5201825.32,4828808.81,10030634.129999999,20.89
2025-11-01 00:19:57.436,1761981597436,0.001,814292.65,0.999,1504764.67,0.5,0.998,0.0,0.0,0.0,0.0,0.0,0.0,0.0,5201792.46,4818567.779999999,10020360.239999998,2.649
2025-11-01 00:20:07.706,1761981607706,0.001,814292.65,0.999,1504764.67,0.5,0.998,0.0,0.0,0.0,0.0,0.0,0.0,0.0,5197373.46,4829376.499999999,10026749.959999999,10.27
2025-11-01 00:20:13.586,1761981613586,0.001,814292.65,0.999,1504764.67,0.5,0.998,0.0,0.0,0.0,0.0,0.0,0.0,0.0,5197705.409999999,4828357.85,10026063.259999998,5.88
2025-11-01 00:20:31.395,1761981631395,0.001,814292.65,0.999,1504764.67,0.5,0.998,0.0,0.0,0.0,0.0,0.0,0.0,0.0,5198210.409999999,4827897.8,10026108.209999999,17.809
2025-11-01 00:20:52.767,1761981652767,0.001,814292.65,0.999,1504764.67,0.5,0.998,0.0,0.0,0.0,0.0,0.0,0.0,0.0,5196048.9399999995,4823040.68,10019089.62,21.372
2025-11-01 00:21:04.993,1761981664993,0.001,814292.65,0.999,1504764.67,0.5,0.998,0.0,0.0,0.0,0.0,0.0,0.0,0.0,5200025.199999998,4828471.629999999,10028496.829999998,12.226
2025-11-01 00:21:11.025,1761981671025,0.001,814292.65,0.999,1504764.67,0.5,0.998,0.0,0.0,0.0,0.0,0.0,0.0,0.0,5200033.169999998,4828810.170000001,10028843.34,6.032
2025-11-01 00:21:13.360,1761981673360,0.001,814292.65,0.999,1504764.67,0.5,0.998,0.0,0.0,0.0,0.0,0.0,0.0,0.0,5199933.179999999,4828806.99,10028740.169999998,2.335
2025-11-01 00:21:32.026,1761981692026,0.001,814292.65,0.999,1504764.67,0.5,0.998,0.0,0.0,0.0,0.0,0.0,0.0,0.0,5199782.299999999,4833596.99,10033379.29,18.666
2025-11-01 00:21:35.333,1761981695333,0.001,814292.65,0.999,1504764.67,0.5,0.998,0.0,0.0,0.0,0.0,0.0,0.0,0.0,5199782.299999999,4833594.87,10033377.169999998,3.307
2025-11-01 00:21:37.695,1761981697695,0.001,814292.65,0.999,1504764.67,0.5,0.998,0.0,0.0,0.0,0.0,0.0,0.0,0.0,5199782.299999999,4826684.94,10026467.239999998,2.362
2025-11-01 00:21:38.066,1761981698066,0.001,814292.65,0.999,1504764.67,0.5,0.998,0.0,0.0,0.0,0.0,0.0,0.0,0.0,5199782.299999999,4826679.640000001,10026461.94,0.371
2025-11-01 00:22:06.417,1761981726417,0.001,814292.65,0.999,1504764.67,0.5,0.998,0.0,0.0,0.0,0.0,0.0,0.0,0.0,5190378.6,4824473.23,10014851.83,28.351
2025-11-01 00:22:10.228,1761981730228,0.001,814292.65,0.999,1504764.67,0.5,0.998,0.0,0.0,0.0,0.0,0.0,0.0,0.0,5198339.479999999,4833334.340000001,10031673.82,3.811
2025-11-01 00:22:39.632,1761981759632,0.001,814292.65,0.999,1504764.67,0.5,0.998,0.0,0.0,0.0,0.0,0.0,0.0,0.0,5209604.479999999,4833090.090000001,10042694.57,29.404
2025-11-01 00:22:52.200,1761981772200,0.001,814292.65,0.999,1504764.67,0.5,0.998,0.0,0.0,0.0,0.0,0.0,0.0,0.0,5209604.479999999,4833085.850000001,10042690.329999998,12.568
2025-11-01 00:22:54.578,1761981774578,0.001,814292.65,0.999,1504764.67,0.5,0.998,0.0,0.0,0.0,0.0,0.0,0.0,0.0,5209604.479999999,4833275.260000001,10042879.739999998,2.378
2025-11-01 00:23:17.521,1761981797521,0.001,814292.65,0.999,1504764.67,0.5,0.998,0.0,0.0,0.0,0.0,0.0,0.0,0.0,5209648.6,4832089.9,10041738.5,22.943
2025-11-01 00:23:17.554,1761981797554,0.001,814292.65,0.999,1504764.67,0.5,0.998,0.0,0.0,0.0,0.0,0.0,0.0,0.0,5209648.6,4831970.66,10041619.26,0.033
2025-11-01 00:23:46.709,1761981826709,0.001,814292.65,0.999,1504764.67,0.5,0.998,0.0,0.0,0.0,0.0,0.0,0.0,0.0,5209643.6,4827285.890000001,10036929.49,29.155
2025-11-01 00:24:58.899,1761981898899,0.001,814292.65,0.999,1504764.67,0.5,0.998,0.0,0.0,0.0,0.0,0.0,0.0,0.0,5202669.179999999,4827653.639999999,10030322.819999997,72.19
2025-11-01 00:24:59.248,1761981899248,0.001,814292.65,0.999,1504764.67,0.5,0.998,0.0,0.0,0.0,0.0,0.0,0.0,0.0,5202669.179999999,4827400.719999999,10030069.899999999,0.349
2025-11-01 00:25:00.760,1761981900760,0.001,814292.65,0.999,1504764.67,0.5,0.998,0.0,0.0,0.0,0.0,0.0,0.0,0.0,5202709.619999999,4826326.68,10029036.299999999,1.512
2025-11-01 00:25:11.911,1761981911911,0.001,814292.65,0.999,1504764.67,0.5,0.998,0.0,0.0,0.0,0.0,0.0,0.0,0.0,5207630.489999997,4827512.540000001,10035143.029999997,11.151
2025-11-01 00:25:19.439,1761981919439,0.001,814292.65,0.999,1504764.67,0.5,0.998,0.0,0.0,0.0,0.0,0.0,0.0,0.0,5205841.739999998,4827512.540000001,10033354.28,7.528
2025-11-01 00:25:36.430,1761981936430,0.001,814292.65,0.999,1504764.67,0.5,0.998,0.0,0.0,0.0,0.0,0.0,0.0,0.0,5205941.739999998,4827544.86,10033486.599999998,16.991
2025-11-01 00:26:03.902,1761981963902,0.001,814292.65,0.999,1504764.67,0.5,0.998,0.0,0.0,0.0,0.0,0.0,0.0,0.0,5204727.859999999,4826453.510000001,10031181.370000001,27.472
2025-11-01 00:26:29.537,1761981989537,0.001,814292.65,0.999,1504764.67,0.5,0.998,0.0,0.0,0.0,0.0,0.0,0.0,0.0,5206053.859999999,4827146.510000001,10033200.370000001,25.635
2025-11-01 00:26:47.779,1761982007779,0.001,814292.65,0.999,1504764.67,0.5,0.998,0.0,0.0,0.0,0.0,0.0,0.0,0.0,5206006.769999999,4827467.539999999,10033474.309999999,18.242
2025-11-01 00:27:07.747,1761982027747,0.001,814292.65,0.999,1504764.67,0.5,0.998,0.0,0.0,0.0,0.0,0.0,0.0,0.0,5205103.689999999,4819978.92,10025082.61,19.968
2025-11-01 00:27:21.705,1761982041705,0.001,814292.65,0.999,1504764.67,0.5,0.998,0.0,0.0,0.0,0.0,0.0,0.0,0.0,5201965.669999999,4815358.570000001,10017324.24,13.958
2025-11-01 00:27:23.778,1761982043778,0.001,814292.65,0.999,1504764.67,0.5,0.998,0.0,0.0,0.0,0.0,0.0,0.0,0.0,5201965.669999999,4815114.920000001,10017080.59,2.073
2025-11-01 00:27:46.328,1761982066328,0.001,814292.65,0.999,1504764.67,0.5,0.998,0.0,0.0,0.0,0.0,0.0,0.0,0.0,5204679.759999999,4820074.78,10024754.54,22.55
2025-11-01 00:28:03.184,1761982083184,0.001,814292.65,0.999,1504764.67,0.5,0.998,0.0,0.0,0.0,0.0,0.0,0.0,0.0,5204679.759999999,4820413.61,10025093.37,16.856
2025-11-01 00:28:03.198,1761982083198,0.001,814292.65,0.999,1504764.67,0.5,0.998,0.0,0.0,0.0,0.0,0.0,0.0,0.0,5204679.759999999,4820305.0200000005,10024984.78,0.014
2025-11-01 00:28:04.694,1761982084694,0.001,814292.65,0.999,1504764.67,0.5,0.998,0.0,0.0,0.0,0.0,0.0,0.0,0.0,5204679.759999999,4820295.0200000005,10024974.78,1.496
2025-11-01 00:28:05.694,1761982085694,0.001,814292.65,0.999,1504764.67,0.5,0.998,0.0,0.0,0.0,0.0,0.0,0.0,0.0,5206137.059999999,4819902.32,10026039.379999999,1.0
2025-11-01 00:28:15.894,1761982095894,0.001,814292.65,0.999,1504764.67,0.5,0.998,0.0,0.0,0.0,0.0,0.0,0.0,0.0,5208190.829999999,4817697.14,10025887.969999999,10.2
2025-11-01 00:28:18.189,1761982098189,0.001,814292.65,0.999,1504764.67,0.5,0.998,0.0,0.0,0.0,0.0,0.0,0.0,0.0,5208190.829999999,4817729.46,10025920.29,2.295
2025-11-01 00:28:25.669,1761982105669,0.001,814292.65,0.999,1504764.67,0.5,0.998,0.0,0.0,0.0,0.0,0.0,0.0,0.0,5206091.62,4817729.46,10023821.08,7.48
2025-11-01 00:28:25.702,1761982105702,0.001,814292.65,0.999,1504764.67,0.5,0.998,0.0,0.0,0.0,0.0,0.0,0.0,0.0,5205983.04,4817729.46,10023712.5,0.033
2025-11-01 00:28:47.083,1761982127083,0.001,814292.65,0.999,1504764.67,0.5,0.998,0.0,0.0,0.0,0.0,0.0,0.0,0.0,5206297.8,4817572.9399999995,10023870.739999998,21.381
2025-11-01 00:29:00.101,1761982140101,0.001,814292.65,0.999,1504764.67,0.5,0.998,0.0,0.0,0.0,0.0,0.0,0.0,0.0,5206630.55,4826298.68,10032929.23,13.018
2025-11-01 00:29:29.013,1761982169013,0.001,814292.65,0.999,1504764.67,0.5,0.998,0.0,0.0,0.0,0.0,0.0,0.0,0.0,5203432.02,4821212.549999999,10024644.569999998,28.912
2025-11-01 00:29:37.753,1761982177753,0.001,814292.65,0.999,1504764.67,0.5,0.998,0.0,0.0,0.0,0.0,0.0,0.0,0.0,5199775.999999999,4809943.559999999,10009719.559999999,8.74
2025-11-01 00:29:38.303,1761982178303,0.001,814292.65,0.999,1504764.67,0.5,0.998,0.0,0.0,0.0,0.0,0.0,0.0,0.0,5194661.709999999,4820448.769999999,10015110.479999997,0.55
2025-11-01 00:29:46.229,1761982186229,0.001,814292.65,0.999,1504764.67,0.5,0.998,0.0,0.0,0.0,0.0,0.0,0.0,0.0,5201914.589999999,4826415.199999998,10028329.789999997,7.926
2025-11-01 00:29:46.463,1761982186463,0.001,814292.65,0.999,1504764.67,0.5,0.998,0.0,0.0,0.0,0.0,0.0,0.0,0.0,5201672.329999999,4826415.199999998,10028087.529999997,0.234
2025-11-01 00:30:00.896,1761982200896,0.001,814292.65,0.999,1504764.67,0.5,0.998,0.0,0.0,0.0,0.0,0.0,0.0,0.0,5205370.329999999,4826391.539999999,10031761.869999997,14.433
2025-11-01 00:30:27.858,1761982227858,0.001,814292.65,0.999,1504764.67,0.5,0.998,0.0,0.0,0.0,0.0,0.0,0.0,0.0,5205703.079999999,4826065.509999999,10031768.589999998,26.962
2025-11-01 00:30:56.752,1761982256752,0.001,814292.65,0.999,1504764.67,0.5,0.998,0.0,0.0,0.0,0.0,0.0,0.0,0.0,5205749.079999999,4826062.329999999,10031811.409999998,28.894
2025-11-01 00:31:21.537,1761982281537,0.001,814292.65,0.999,1504764.67,0.5,0.998,0.0,0.0,0.0,0.0,0.0,0.0,0.0,5206677.089999999,4826042.329999999,10032719.419999998,24.785
2025-11-01 00:31:21.662,1761982281662,0.001,814292.65,0.999,1504764.67,0.5,0.998,0.0,0.0,0.0,0.0,0.0,0.0,0.0,5206677.089999999,4825800.309999999,10032477.399999999,0.125
2025-11-01 00:31:24.128,1761982284128,0.001,814292.65,0.999,1504764.67,0.5,0.998,0.0,0.0,0.0,0.0,0.0,0.0,0.0,5206677.089999999,4825291.539999999,10031968.629999999,2.466
2025-11-01 00:31:30.995,1761982290995,0.001,814292.65,0.999,1504764.67,0.5,0.998,0.0,0.0,0.0,0.0,0.0,0.0,0.0,5206447.019999999,4825291.539999999,10031738.559999999,6.867
2025-11-01 00:32:21.841,1761982341841,0.001,814292.65,0.999,1504764.67,0.5,0.998,0.0,0.0,0.0,0.0,0.0,0.0,0.0,5213776.439999999,4826591.589999999,10040368.029999997,50.846
2025-11-01 00:32:30.116,1761982350116,0.001,814292.65,0.999,1504764.67,0.5,0.998,0.0,0.0,0.0,0.0,0.0,0.0,0.0,5213776.439999999,4826570.009999999,10040346.449999997,8.275
2025-11-01 00:33:26.352,1761982406352,0.001,814292.65,0.999,1504764.67,0.5,0.998,0.0,0.0,0.0,0.0,0.0,0.0,0.0,5213776.439999999,5228421.059999999,10442197.499999996,56.236
2025-11-01 00:33:27.309,1761982407309,0.001,814292.65,0.999,1504764.67,0.5,0.998,0.0,0.0,0.0,0.0,0.0,0.0,0.0,5213523.519999999,5228421.059999999,10441944.579999998,0.957
2025-11-01 00:33:31.752,1761982411752,0.001,814292.65,0.999,1504764.67,0.5,0.998,0.0,0.0,0.0,0.0,0.0,0.0,0.0,5213289.769999999,5428421.059999999,10641710.829999998,4.443
2025-11-01 00:33:34.885,1761982414885,0.001,814292.65,0.999,1504764.67,0.5,0.998,0.0,0.0,0.0,0.0,0.0,0.0,0.0,5213289.769999999,5428399.889999999,10641689.659999996,3.133
2025-11-01 00:33:52.584,1761982432584,0.001,814292.65,0.999,1504764.67,0.5,0.998,0.0,0.0,0.0,0.0,0.0,0.0,0.0,5213244.069999998,5472159.889999999,10685403.959999997,17.699
2025-11-01 00:34:00.641,1761982440641,0.001,814292.65,0.999,1504764.67,0.5,0.998,0.0,0.0,0.0,0.0,0.0,0.0,0.0,5213244.069999998,5471920.729999999,10685164.799999997,8.057
2025-11-01 00:34:10.587,1761982450587,0.001,814292.65,0.999,1504764.67,0.5,0.998,0.0,0.0,0.0,0.0,0.0,0.0,0.0,5210087.549999999,5466681.639999999,10676769.189999998,9.946
2025-11-01 00:34:20.291,1761982460291,0.001,814292.65,0.999,1504764.67,0.5,0.998,0.0,0.0,0.0,0.0,0.0,0.0,0.0,5209543.669999999,5470315.52,10679859.189999998,9.704
2025-11-01 00:35:29.880,1761982529880,0.001,814292.65,0.999,1504764.67,0.5,0.998,0.0,0.0,0.0,0.0,0.0,0.0,0.0,5209543.669999999,5471393.209999999,10680936.879999999,69.589
2025-11-01 00:35:51.010,1761982551010,0.001,814292.65,0.999,1504764.67,0.5,0.998,0.0,0.0,0.0,0.0,0.0,0.0,0.0,5211801.899999999,5471393.209999999,10683195.11,21.13
2025-11-01 00:35:54.323,1761982554323,0.001,814292.65,0.999,1504764.67,0.5,0.998,0.0,0.0,0.0,0.0,0.0,0.0,0.0,5211801.899999999,5471387.909999999,10683189.809999999,3.313
2025-11-01 00:35:55.420,1761982555420,0.001,814292.65,0.999,1504764.67,0.5,0.998,0.0,0.0,0.0,0.0,0.0,0.0,0.0,5211801.899999999,5471059.859999999,10682861.759999998,1.097
2025-11-01 00:35:58.833,1761982558833,0.001,814292.65,0.999,1504764.67,0.5,0.998,0.0,0.0,0.0,0.0,0.0,0.0,0.0,5211801.899999999,5467992.149999999,10679794.049999999,3.413
2025-11-01 00:36:00.144,1761982560144,0.001,814292.65,0.999,1504764.67,0.5,0.998,0.0,0.0,0.0,0.0,0.0,0.0,0.0,5211801.899999999,5467991.09,10679792.989999998,1.311
2025-11-01 00:36:00.356,1761982560356,0.001,814292.65,0.999,1504764.67,0.5,0.998,0.0,0.0,0.0,0.0,0.0,0.0,0.0,5211801.899999999,5467988.97,10679790.87,0.212
2025-11-01 00:36:07.072,1761982567072,0.001,814292.65,0.999,1504764.67,0.5,0.998,0.0,0.0,0.0,0.0,0.0,0.0,0.0,5208734.199999999,5468048.97,10676783.169999998,6.716
2025-11-01 00:36:28.234,1761982588234,0.001,814292.65,0.999,1504764.67,0.5,0.998,0.0,0.0,0.0,0.0,0.0,0.0,0.0,5208934.199999999,5467828.869999999,10676763.069999998,21.162
2025-11-01 00:36:31.293,1761982591293,0.001,814292.65,0.999,1504764.67,0.5,0.998,0.0,0.0,0.0,0.0,0.0,0.0,0.0,5208994.199999999,5467755.199999999,10676749.399999999,3.059
2025-11-01 00:36:44.992,1761982604992,0.001,814292.65,0.999,1504764.67,0.5,0.998,0.0,0.0,0.0,0.0,0.0,0.0,0.0,5205828.079999999,5462264.239999998,10668092.319999997,13.699
2025-11-01 00:36:45.849,1761982605849,0.001,814292.65,0.999,1504764.67,0.5,0.998,0.0,0.0,0.0,0.0,0.0,0.0,0.0,5205828.079999999,5461791.7299999995,10667619.809999999,0.857
2025-11-01 00:36:48.796,1761982608796,0.001,814292.65,0.999,1504764.67,0.5,0.998,0.0,0.0,0.0,0.0,0.0,0.0,0.0,5210726.9,5467034.4799999995,10677761.379999999,2.947
2025-11-01 00:37:00.832,1761982620832,0.001,814292.65,0.999,1504764.67,0.5,0.998,0.0,0.0,0.0,0.0,0.0,0.0,0.0,5208763.99,5466792.809999999,10675556.799999999,12.036
2025-11-01 00:37:16.560,1761982636560,0.001,814292.65,0.999,1504764.67,0.5,0.998,0.0,0.0,0.0,0.0,0.0,0.0,0.0,5208533.06,5468126.519999999,10676659.579999998,15.728
2025-11-01 00:37:31.647,1761982651647,0.001,814292.65,0.999,1504764.67,0.5,0.998,0.0,0.0,0.0,0.0,0.0,0.0,0.0,5210256.819999999,5470000.849999999,10680257.669999998,15.087
2025-11-01 00:37:36.737,1761982656737,0.001,814292.65,0.999,1504764.67,0.5,0.998,0.0,0.0,0.0,0.0,0.0,0.0,0.0,5210256.819999999,5469471.739999998,10679728.559999999,5.09
2025-11-01 00:37:44.935,1761982664935,0.001,814292.65,0.999,1504764.67,0.5,0.998,0.0,0.0,0.0,0.0,0.0,0.0,0.0,5208041.67,5469434.989999998,10677476.659999998,8.198
2025-11-01 00:37:59.039,1761982679039,0.001,814292.65,0.999,1504764.67,0.5,0.998,0.0,0.0,0.0,0.0,0.0,0.0,0.0,5207983.67,5470497.869999998,10678481.54,14.104
2025-11-01 00:38:03.661,1761982683661,0.001,814292.65,0.999,1504764.67,0.5,0.998,0.0,0.0,0.0,0.0,0.0,0.0,0.0,5208043.67,5470328.069999998,10678371.739999998,4.622
2025-11-01 00:38:09.417,1761982689417,0.001,814292.65,0.999,1504764.67,0.5,0.998,0.0,0.0,0.0,0.0,0.0,0.0,0.0,5208043.67,5470080.439999999,10678124.11,5.756
2025-11-01 00:38:11.329,1761982691329,0.001,814292.65,0.999,1504764.67,0.5,0.998,0.0,0.0,0.0,0.0,0.0,0.0,0.0,5208033.67,5470223.509999999,10678257.18,1.912
2025-11-01 00:38:18.753,1761982698753,0.001,814292.65,0.999,1504764.67,0.5,0.998,0.0,0.0,0.0,0.0,0.0,0.0,0.0,5208033.67,5471311.379999999,10679345.049999999,7.424
2025-11-01 00:38:18.955,1761982698955,0.001,814292.65,0.999,1504764.67,0.5,0.998,0.0,0.0,0.0,0.0,0.0,0.0,0.0,5208030.1899999995,5471311.379999999,10679341.569999998,0.202
2025-11-01 00:38:48.480,1761982728480,0.001,814292.65,0.999,1504764.67,0.5,0.998,0.0,0.0,0.0,0.0,0.0,0.0,0.0,5208030.1899999995,5470921.189999999,10678951.379999999,29.525
2025-11-01 00:38:53.885,1761982733885,0.001,814292.65,0.999,1504764.67,0.5,0.998,0.0,0.0,0.0,0.0,0.0,0.0,0.0,5207800.27,5471076.9399999995,10678877.209999999,5.405
2025-11-01 00:39:01.390,1761982741390,0.001,814292.65,0.999,1504764.67,0.5,0.998,0.0,0.0,0.0,0.0,0.0,0.0,0.0,5207800.27,5470976.9399999995,10678777.209999999,7.505
2025-11-01 00:39:08.411,1761982748411,0.001,814292.65,0.999,1504764.67,0.5,0.998,0.0,0.0,0.0,0.0,0.0,0.0,0.0,5207481.47,5470976.9399999995,10678458.41,7.021
2025-11-01 00:39:14.335,1761982754335,0.001,814292.65,0.999,1504764.67,0.5,0.998,0.0,0.0,0.0,0.0,0.0,0.0,0.0,5207480.33,5470976.9399999995,10678457.27,5.924
2025-11-01 00:39:15.900,1761982755900,0.001,814292.65,0.999,1504764.67,0.5,0.998,0.0,0.0,0.0,0.0,0.0,0.0,0.0,5207480.33,5470776.9399999995,10678257.27,1.565
2025-11-01 00:39:31.761,1761982771761,0.001,814292.65,0.999,1504764.67,0.5,0.998,0.0,0.0,0.0,0.0,0.0,0.0,0.0,5207301.75,5470776.9399999995,10678078.69,15.861
2025-11-01 00:39:40.794,1761982780794,0.001,814292.65,0.999,1504764.67,0.5,0.998,0.0,0.0,0.0,0.0,0.0,0.0,0.0,5207311.75,5470558.709999999,10677870.459999999,9.033
2025-11-01 00:40:00.442,1761982800442,0.001,814292.65,0.999,1504764.67,0.5,0.998,0.0,0.0,0.0,0.0,0.0,0.0,0.0,5207284.649999999,5470565.019999999,10677849.669999998,19.648
2025-11-01 00:40:04.923,1761982804923,0.001,814292.65,0.999,1504764.67,0.5,0.998,0.0,0.0,0.0,0.0,0.0,0.0,0.0,5207053.8,5470565.019999999,10677618.819999998,4.481
2025-11-01 00:40:11.149,1761982811149,0.001,814292.65,0.999,1504764.67,0.5,0.998,0.0,0.0,0.0,0.0,0.0,0.0,0.0,5208103.8,5470593.51,10678697.309999999,6.226
2025-11-01 00:41:07.926,1761982867926,0.001,814292.65,0.999,1504764.67,0.5,0.998,0.0,0.0,0.0,0.0,0.0,0.0,0.0,5200147.779999999,5469961.84,10670109.62,56.777
2025-11-01 00:41:48.385,1761982908385,0.001,814292.65,0.999,1504764.67,0.5,0.998,0.0,0.0,0.0,0.0,0.0,0.0,0.0,5200147.779999999,5469715.27,10669863.049999999,40.459
2025-11-01 00:41:53.719,1761982913719,0.001,814292.65,0.999,1504764.67,0.5,0.998,0.0,0.0,0.0,0.0,0.0,0.0,0.0,5200147.779999999,5469614.739999999,10669762.52,5.334
2025-11-01 00:42:07.457,1761982927457,0.001,814292.65,0.999,1504764.67,0.5,0.998,0.0,0.0,0.0,0.0,0.0,0.0,0.0,5200147.779999999,5469508.909999999,10669656.689999998,13.738
2025-11-01 00:42:16.073,1761982936073,0.001,814292.65,0.999,1504764.67,0.5,0.998,0.0,0.0,0.0,0.0,0.0,0.0,0.0,5200147.779999999,5469266.58,10669414.36,8.616
2025-11-01 00:42:19.938,1761982939938,0.001,814292.65,0.999,1504764.67,0.5,0.998,0.0,0.0,0.0,0.0,0.0,0.0,0.0,5200047.779999999,5469266.58,10669314.36,3.865
2025-11-01 00:42:32.151,1761982952151,0.001,814292.65,0.999,1504764.67,0.5,0.998,0.0,0.0,0.0,0.0,0.0,0.0,0.0,5199834.029999999,5471183.22,10671017.25,12.213
2025-11-01 00:42:33.031,1761982953031,0.001,814292.65,0.999,1504764.67,0.5,0.998,0.0,0.0,0.0,0.0,0.0,0.0,0.0,5199834.029999999,5471161.659999999,10670995.689999998,0.88
2025-11-01 00:43:17.744,1761982997744,0.001,814292.65,0.999,1504764.67,0.5,0.998,0.0,0.0,0.0,0.0,0.0,0.0,0.0,5199834.029999999,5474354.779999999,10674188.809999999,44.713
2025-11-01 00:43:23.983,1761983003983,0.001,814292.65,0.999,1504764.67,0.5,0.998,0.0,0.0,0.0,0.0,0.0,0.0,0.0,5199525.1,5474354.779999999,10673879.879999999,6.239
2025-11-01 00:43:25.203,1761983005203,0.001,814292.65,0.999,1504764.67,0.5,0.998,0.0,0.0,0.0,0.0,0.0,0.0,0.0,5199275.1,5474354.779999999,10673629.879999999,1.22
2025-11-01 00:43:28.499,1761983008499,0.001,814292.65,0.999,1504764.67,0.5,0.998,0.0,0.0,0.0,0.0,0.0,0.0,0.0,5199275.1,5471332.72,10670607.82,3.296
2025-11-01 00:43:34.595,1761983014595,0.001,814292.65,0.999,1504764.67,0.5,0.998,0.0,0.0,0.0,0.0,0.0,0.0,0.0,5196291.34,5469905.53,10666196.870000001,6.096
2025-11-01 00:43:34.679,1761983014679,0.001,814292.65,0.999,1504764.67,0.5,0.998,0.0,0.0,0.0,0.0,0.0,0.0,0.0,5196291.34,5469902.35,10666193.69,0.084
2025-11-01 00:44:01.059,1761983041059,0.001,814292.65,0.999,1504764.67,0.5,0.998,0.0,0.0,0.0,0.0,0.0,0.0,0.0,5196223.2299999995,5470482.539999999,10666705.77,26.38
2025-11-01 00:44:20.570,1761983060570,0.001,814292.65,0.999,1504764.67,0.5,0.998,0.0,0.0,0.0,0.0,0.0,0.0,0.0,5196281.05,5470422.539999999,10666703.59,19.511
2025-11-01 00:44:24.023,1761983064023,0.001,814292.65,0.999,1504764.67,0.5,0.998,0.0,0.0,0.0,0.0,0.0,0.0,0.0,5196281.05,5463868.6,10660149.649999999,3.453
2025-11-01 00:44:29.753,1761983069753,0.001,814292.65,0.999,1504764.67,0.5,0.998,0.0,0.0,0.0,0.0,0.0,0.0,0.0,5196281.05,5463706.05,10659987.1,5.73
2025-11-01 00:44:48.948,1761983088948,0.001,814292.65,0.999,1504764.67,0.5,0.998,0.0,0.0,0.0,0.0,0.0,0.0,0.0,5193052.05,5459057.57,10652109.620000001,19.195
2025-11-01 00:45:14.215,1761983114215,0.001,814292.65,0.999,1504764.67,0.5,0.998,0.0,0.0,0.0,0.0,0.0,0.0,0.0,5198877.709999999,5465358.56,10664236.27,25.267
2025-11-01 00:45:24.716,1761983124716,0.001,814292.65,0.999,1504764.67,0.5,0.998,0.0,0.0,0.0,0.0,0.0,0.0,0.0,5196906.8,5466094.43,10663001.23,10.501
2025-11-01 00:45:57.316,1761983157316,0.001,814292.65,0.999,1504764.67,0.5,0.998,0.0,0.0,0.0,0.0,0.0,0.0,0.0,5196632.779999999,5456865.859999999,10653498.639999999,32.6
2025-11-01 00:46:04.401,1761983164401,0.001,814292.65,0.999,1504764.67,0.5,0.998,0.0,0.0,0.0,0.0,0.0,0.0,0.0,5196665.93,5466981.1,10663647.03,7.085
2025-11-01 00:46:10.487,1761983170487,0.001,814292.65,0.999,1504764.67,0.5,0.998,0.0,0.0,0.0,0.0,0.0,0.0,0.0,5196541.9799999995,5467478.350000001,10664020.33,6.086
2025-11-01 00:46:13.492,1761983173492,0.001,814292.65,0.999,1504764.67,0.5,0.998,0.0,0.0,0.0,0.0,0.0,0.0,0.0,5204507.47,5468670.93,10673178.399999999,3.005
2025-11-01 00:46:21.736,1761983181736,0.001,814292.65,0.999,1504764.67,0.5,0.998,0.0,0.0,0.0,0.0,0.0,0.0,0.0,5206478.38,5475028.41,10681506.79,8.244
2025-11-01 00:46:35.792,1761983195792,0.001,814292.65,0.999,1504764.67,0.5,0.998,0.0,0.0,0.0,0.0,0.0,0.0,0.0,5204293.959999999,5475341.08,10679635.04,14.056
2025-11-01 00:46:39.504,1761983199504,0.001,814292.65,0.999,1504764.67,0.5,0.998,0.0,0.0,0.0,0.0,0.0,0.0,0.0,5204293.959999999,5475244.76,10679538.719999999,3.712
2025-11-01 00:46:55.458,1761983215458,0.001,814292.65,0.999,1504764.67,0.5,0.998,0.0,0.0,0.0,0.0,0.0,0.0,0.0,5204285.34,5475224.76,10679510.1,15.954
2025-11-01 00:47:03.792,1761983223792,0.001,814292.65,0.999,1504764.67,0.5,0.998,0.0,0.0,0.0,0.0,0.0,0.0,0.0,5204302.34,5474161.13,10678463.469999999,8.334
2025-11-01 00:47:30.256,1761983250256,0.001,814292.65,0.999,1504764.67,0.5,0.998,0.0,0.0,0.0,0.0,0.0,0.0,0.0,5204562.65,5475086.67,10679649.32,26.464
2025-11-01 00:47:57.727,1761983277727,0.001,814292.65,0.999,1504764.67,0.5,0.998,0.0,0.0,0.0,0.0,0.0,0.0,0.0,5204772.65,5474764.13,10679536.780000001,27.471
2025-11-01 00:47:59.952,1761983279952,0.001,814292.65,0.999,1504764.67,0.5,0.998,0.0,0.0,0.0,0.0,0.0,0.0,0.0,5204597.21,5474764.13,10679361.34,2.225
2025-11-01 00:48:14.480,1761983294480,0.001,814292.65,0.999,1504764.67,0.5,0.998,0.0,0.0,0.0,0.0,0.0,0.0,0.0,5204597.21,5474716.35,10679313.559999999,14.528
2025-11-01 00:48:22.997,1761983302997,0.001,814292.65,0.999,1504764.67,0.5,0.998,0.0,0.0,0.0,0.0,0.0,0.0,0.0,5204657.21,5474598.08,10679255.29,8.517
2025-11-01 00:48:42.139,1761983322139,0.001,814292.65,0.999,1504764.67,0.5,0.998,0.0,0.0,0.0,0.0,0.0,0.0,0.0,5204428.58,5474598.08,10679026.66,19.142
2025-11-01 00:48:56.187,1761983336187,0.001,814292.65,0.999,1504764.67,0.5,0.998,0.0,0.0,0.0,0.0,0.0,0.0,0.0,5204428.58,5474532.399999999,10678960.98,14.048
2025-11-01 00:48:57.770,1761983337770,0.001,814292.65,0.999,1504764.67,0.5,0.998,0.0,0.0,0.0,0.0,0.0,0.0,0.0,5204428.58,5474532.399999999,10678960.98,1.583
2025-11-01 00:49:01.367,1761983341367,0.001,814292.65,0.999,1504764.67,0.5,0.998,0.0,0.0,0.0,0.0,0.0,0.0,0.0,5204507.31,5462034.29,10666541.6,3.597
2025-11-01 00:49:18.410,1761983358410,0.001,814292.65,0.999,1504764.67,0.5,0.998,0.0,0.0,0.0,0.0,0.0,0.0,0.0,5204505.75,5472961.82,10677467.57,17.043
2025-11-01 00:49:21.234,1761983361234,0.001,814292.65,0.999,1504764.67,0.5,0.998,0.0,0.0,0.0,0.0,0.0,0.0,0.0,5204476.19,5472444.630000001,10676920.82,2.824
2025-11-01 00:49:28.991,1761983368991,0.001,814292.65,0.999,1504764.67,0.5,0.998,0.0,0.0,0.0,0.0,0.0,0.0,0.0,5204448.11,5465999.22,10670447.33,7.757
2025-11-01 00:49:29.690,1761983369690,0.001,814292.65,0.999,1504764.67,0.5,0.998,0.0,0.0,0.0,0.0,0.0,0.0,0.0,5204388.11,5466139.22,10670527.33,0.699
2025-11-01 00:49:37.731,1761983377731,0.001,814292.65,0.999,1504764.67,0.5,0.998,0.0,0.0,0.0,0.0,0.0,0.0,0.0,5204075.66,5467362.859999999,10671438.52,8.041
2025-11-01 00:49:40.075,1761983380075,0.001,814292.65,0.999,1504764.67,0.5,0.998,0.0,0.0,0.0,0.0,0.0,0.0,0.0,5203970.39,5467362.859999999,10671333.25,2.344
2025-11-01 00:49:42.953,1761983382953,0.001,814292.65,0.999,1504764.67,0.5,0.998,0.0,0.0,0.0,0.0,0.0,0.0,0.0,5203420.39,5467405.97,10670826.36,2.878
2025-11-01 00:49:48.616,1761983388616,0.001,814292.65,0.999,1504764.67,0.5,0.998,0.0,0.0,0.0,0.0,0.0,0.0,0.0,5205408.189999999,5467162.859999999,10672571.049999997,5.663
2025-11-01 00:49:57.983,1761983397983,0.001,814292.65,0.999,1504764.67,0.5,0.998,0.0,0.0,0.0,0.0,0.0,0.0,0.0,5200742.64,5461263.99,10662006.629999999,9.367
2025-11-01 00:49:59.360,1761983399360,0.001,814292.65,0.999,1504764.67,0.5,0.998,0.0,0.0,0.0,0.0,0.0,0.0,0.0,5201586.86,5451714.34,10653301.2,1.377
2025-11-01 00:50:38.500,1761983438500,0.001,814292.65,0.999,1504764.67,0.5,0.998,0.0,0.0,0.0,0.0,0.0,0.0,0.0,5199755.109999999,5462574.529999999,10662329.639999999,39.14
2025-11-01 00:50:47.867,1761983447867,0.001,814292.65,0.999,1504764.67,0.5,0.998,0.0,0.0,0.0,0.0,0.0,0.0,0.0,5233684.399999999,5462361.02,10696045.419999998,9.367
2025-11-01 00:50:56.030,1761983456030,0.001,814292.65,0.999,1504764.67,0.5,0.998,0.0,0.0,0.0,0.0,0.0,0.0,0.0,5236220.6,5467640.44,10703861.04,8.163
2025-11-01 00:51:09.362,1761983469362,0.001,814292.65,0.999,1504764.67,0.5,0.998,0.0,0.0,0.0,0.0,0.0,0.0,0.0,5236236.6,5473758.25,10709994.85,13.332
2025-11-01 00:51:13.050,1761983473050,0.001,814292.65,0.999,1504764.67,0.5,0.998,0.0,0.0,0.0,0.0,0.0,0.0,0.0,5235864.84,5473758.25,10709623.09,3.688
2025-11-01 00:51:13.534,1761983473534,0.001,814292.65,0.999,1504764.67,0.5,0.998,0.0,0.0,0.0,0.0,0.0,0.0,0.0,5235822.7,5473758.25,10709580.95,0.484
2025-11-01 00:51:18.160,1761983478160,0.001,814292.65,0.999,1504764.67,0.5,0.998,0.0,0.0,0.0,0.0,0.0,0.0,0.0,5235822.7,5473712.28,10709534.98,4.626
2025-11-01 00:51:35.052,1761983495052,0.001,814292.65,0.999,1504764.67,0.5,0.998,0.0,0.0,0.0,0.0,0.0,0.0,0.0,5234489.7,5472691.88,10707181.58,16.892
2025-11-01 00:51:41.863,1761983501863,0.001,814292.65,0.999,1504764.67,0.5,0.998,0.0,0.0,0.0,0.0,0.0,0.0,0.0,5234239.499999999,5472465.72,10706705.219999999,6.811
2025-11-01 00:51:53.338,1761983513338,0.001,814292.65,0.999,1504764.67,0.5,0.998,0.0,0.0,0.0,0.0,0.0,0.0,0.0,5234268.789999999,5472372.12,10706640.91,11.475
2025-11-01 00:52:08.765,1761983528765,0.001,814292.65,0.999,1504764.67,0.5,0.998,0.0,0.0,0.0,0.0,0.0,0.0,0.0,5235601.9399999995,5469266.499999999,10704868.439999998,15.427
2025-11-01 00:52:16.021,1761983536021,0.001,814292.65,0.999,1504764.67,0.5,0.998,0.0,0.0,0.0,0.0,0.0,0.0,0.0,5232479.2700000005,5469520.03,10701999.3,7.256
2025-11-01 00:52:24.058,1761983544058,0.001,814292.65,0.999,1504764.67,0.5,0.998,0.0,0.0,0.0,0.0,0.0,0.0,0.0,5232562.09,5470117.899999999,10702679.989999998,8.037
2025-11-01 00:52:32.768,1761983552768,0.001,814292.65,0.999,1504764.67,0.5,0.998,0.0,0.0,0.0,0.0,0.0,0.0,0.0,5234238.079999999,5470117.899999999,10704355.979999999,8.71
2025-11-01 00:53:09.218,1761983589218,0.001,814292.65,0.999,1504764.67,0.5,0.998,0.0,0.0,0.0,0.0,0.0,0.0,0.0,5229948.539999999,5463660.289999999,10693608.829999998,36.45
2025-11-01 00:53:26.697,1761983606697,0.001,814292.65,0.999,1504764.67,0.5,0.998,0.0,0.0,0.0,0.0,0.0,0.0,0.0,5230248.549999999,5463847.079999999,10694095.629999999,17.479
2025-11-01 00:53:38.133,1761983618133,0.001,814292.65,0.999,1504764.67,0.5,0.998,0.0,0.0,0.0,0.0,0.0,0.0,0.0,5230045.999999999,5463847.079999999,10693893.079999998,11.436
2025-11-01 00:53:53.031,1761983633031,0.001,814292.65,0.999,1504764.67,0.5,0.998,0.0,0.0,0.0,0.0,0.0,0.0,0.0,5230007.389999999,5464735.409999999,10694742.799999997,14.898
2025-11-01 00:53:57.290,1761983637290,0.001,814292.65,0.999,1504764.67,0.5,0.998,0.0,0.0,0.0,0.0,0.0,0.0,0.0,5224716.379999999,5470155.699999999,10694872.079999998,4.259
2025-11-01 00:54:01.395,1761983641395,0.001,814292.65,0.999,1504764.67,0.5,0.998,0.0,0.0,0.0,0.0,0.0,0.0,0.0,5234795.189999999,5469072.39,10703867.579999998,4.105
2025-11-01 00:54:09.573,1761983649573,0.001,814292.65,0.999,1504764.67,0.5,0.998,0.0,0.0,0.0,0.0,0.0,0.0,0.0,5234795.189999999,5468957.369999999,10703752.559999999,8.178
2025-11-01 00:54:33.896,1761983673896,0.001,814292.65,0.999,1504764.67,0.5,0.998,0.0,0.0,0.0,0.0,0.0,0.0,0.0,5236637.309999999,5468337.35,10704974.659999998,24.323
2025-11-01 00:54:48.701,1761983688701,0.001,814292.65,0.999,1504764.67,0.5,0.998,0.0,0.0,0.0,0.0,0.0,0.0,0.0,5235057.869999999,5468268.459999999,10703326.329999998,14.805
2025-11-01 00:54:53.829,1761983693829,0.001,814292.65,0.999,1504764.67,0.5,0.998,0.0,0.0,0.0,0.0,0.0,0.0,0.0,5235057.869999999,5467337.169999999,10702395.04,5.128
2025-11-01 00:54:56.468,1761983696468,0.001,814292.65,0.999,1504764.67,0.5,0.998,0.0,0.0,0.0,0.0,0.0,0.0,0.0,5235057.869999999,5467283.739999999,10702341.61,2.639
2025-11-01 00:54:57.445,1761983697445,0.001,814292.65,0.999,1504764.67,0.5,0.998,0.0,0.0,0.0,0.0,0.0,0.0,0.0,5226786.049999999,5466165.949999999,10692951.999999998,0.977
2025-11-01 00:55:10.003,1761983710003,0.001,814292.65,0.999,1504764.67,0.5,0.998,0.0,0.0,0.0,0.0,0.0,0.0,0.0,5236403.069999998,5471136.049999998,10707539.119999997,12.558
2025-11-01 00:55:40.074,1761983740074,0.001,814292.65,0.999,1504764.67,0.5,0.998,0.0,0.0,0.0,0.0,0.0,0.0,0.0,5240054.049999999,5467194.219999999,10707248.269999998,30.071
2025-11-01 00:56:21.228,1761983781228,0.001,814292.65,0.999,1504764.67,0.5,0.998,0.0,0.0,0.0,0.0,0.0,0.0,0.0,5240852.899999999,5466716.260000001,10707569.16,41.154
2025-11-01 00:56:30.709,1761983790709,0.001,814292.65,0.999,1504764.67,0.5,0.998,0.0,0.0,0.0,0.0,0.0,0.0,0.0,5240888.199999999,5466093.200000001,10706981.4,9.481
2025-11-01 00:56:31.519,1761983791519,0.001,814292.65,0.999,1504764.67,0.5,0.998,0.0,0.0,0.0,0.0,0.0,0.0,0.0,5240888.199999999,5466092.1400000015,10706980.34,0.81
2025-11-01 00:56:38.358,1761983798358,0.001,814292.65,0.999,1504764.67,0.5,0.998,0.0,0.0,0.0,0.0,0.0,0.0,0.0,5241089.459999999,5465476.130000001,10706565.59,6.839
2025-11-01 00:57:16.382,1761983836382,0.001,814292.65,0.999,1504764.67,0.5,0.998,0.0,0.0,0.0,0.0,0.0,0.0,0.0,5241207.889999999,5466469.82,10707677.709999999,38.024
2025-11-01 00:57:41.353,1761983861353,0.001,814292.65,0.999,1504764.67,0.5,0.998,0.0,0.0,0.0,0.0,0.0,0.0,0.0,5241241.809999999,5466163.130000001,10707404.94,24.971
2025-11-01 00:58:12.646,1761983892646,0.001,814292.65,0.999,1504764.67,0.5,0.998,0.0,0.0,0.0,0.0,0.0,0.0,0.0,5241300.209999998,5465265.4,10706565.61,31.293
2025-11-01 00:58:33.273,1761983913273,0.001,814292.65,0.999,1504764.67,0.5,0.998,0.0,0.0,0.0,0.0,0.0,0.0,0.0,5241800.209999999,5465214.850000001,10707015.059999999,20.627
2025-11-01 00:59:06.920,1761983946920,0.001,814292.65,0.999,1504764.67,0.5,0.998,0.0,0.0,0.0,0.0,0.0,0.0,0.0,5241512.749999999,5413563.9399999995,10655076.689999998,33.647
2025-11-01 00:59:24.741,1761983964741,0.001,814292.65,0.999,1504764.67,0.5,0.998,0.0,0.0,0.0,0.0,0.0,0.0,0.0,5224456.33,5405466.939999999,10629923.27,17.821
2025-11-01 00:59:53.399,1761983993399,0.001,814292.65,0.999,1504764.67,0.5,0.998,0.0,0.0,0.0,0.0,0.0,0.0,0.0,5232206.34,5467005.42,10699211.76,28.658
2025-11-01 01:00:18.694,1761984018694,0.001,814292.65,0.999,1504764.67,0.5,0.998,0.0,0.0,0.0,0.0,0.0,0.0,0.0,5232223.34,5466971.5,10699194.84,25.295
2025-11-01 01:00:19.268,1761984019268,0.001,814292.65,0.999,1504764.67,0.5,0.998,0.0,0.0,0.0,0.0,0.0,0.0,0.0,5232223.34,5466870.05,10699093.39,0.574
2025-11-01 01:00:33.263,1761984033263,0.001,814292.65,0.999,1504764.67,0.5,0.998,0.0,0.0,0.0,0.0,0.0,0.0,0.0,5232223.34,5466849.9399999995,10699073.28,13.995
2025-11-01 01:00:38.342,1761984038342,0.001,814292.65,0.999,1504764.67,0.5,0.998,0.0,0.0,0.0,0.0,0.0,0.0,0.0,5232077.88,5466849.9399999995,10698927.82,5.079
2025-11-01 01:00:44.105,1761984044105,0.001,814292.65,0.999,1504764.67,0.5,0.998,0.0,0.0,0.0,0.0,0.0,0.0,0.0,5232077.88,5466747.58,10698825.46,5.763
2025-11-01 01:00:46.910,1761984046910,0.001,814292.65,0.999,1504764.67,0.5,0.998,0.0,0.0,0.0,0.0,0.0,0.0,0.0,5232077.88,5466746.52,10698824.399999999,2.805
2025-11-01 01:01:13.351,1761984073351,0.001,814292.65,0.999,1504764.67,0.5,0.998,0.0,0.0,0.0,0.0,0.0,0.0,0.0,5231910.6,5466746.52,10698657.12,26.441
2025-11-01 01:01:22.691,1761984082691,0.001,814292.65,0.999,1504764.67,0.5,0.998,0.0,0.0,0.0,0.0,0.0,0.0,0.0,5228283.59,5460495.21,10688778.8,9.34
2025-11-01 01:01:24.861,1761984084861,0.001,814292.65,0.999,1504764.67,0.5,0.998,0.0,0.0,0.0,0.0,0.0,0.0,0.0,5228283.59,5460389.84,10688673.43,2.17
2025-11-01 01:02:03.849,1761984123849,0.001,814292.65,0.999,1504764.67,0.5,0.998,0.0,0.0,0.0,0.0,0.0,0.0,0.0,5231846.6,5466491.45,10698338.05,38.988
2025-11-01 01:02:07.120,1761984127120,0.001,814292.65,0.999,1504764.67,0.5,0.998,0.0,0.0,0.0,0.0,0.0,0.0,0.0,5231843.2299999995,5466511.45,10698354.68,3.271
2025-11-01 01:02:09.452,1761984129452,0.001,814292.65,0.999,1504764.67,0.5,0.998,0.0,0.0,0.0,0.0,0.0,0.0,0.0,5231843.2299999995,5466490.3,10698333.53,2.332
2025-11-01 01:02:15.473,1761984135473,0.001,814292.65,0.999,1504764.67,0.5,0.998,0.0,0.0,0.0,0.0,0.0,0.0,0.0,5231843.2299999995,5466404.26,10698247.489999998,6.021
2025-11-01 01:02:45.906,1761984165906,0.001,814292.65,0.999,1504764.67,0.5,0.998,0.0,0.0,0.0,0.0,0.0,0.0,0.0,5232614.559999999,5465463.359999999,10698077.919999998,30.433
2025-11-01 01:03:11.397,1761984191397,0.001,814292.65,0.999,1504764.67,0.5,0.998,0.0,0.0,0.0,0.0,0.0,0.0,0.0,5234584.559999999,5465412.240000001,10699996.8,25.491
2025-11-01 01:03:15.398,1761984195398,0.001,814292.65,0.999,1504764.67,0.5,0.998,0.0,0.0,0.0,0.0,0.0,0.0,0.0,5234584.559999999,5462284.890000001,10696869.45,4.001
2025-11-01 01:03:20.485,1761984200485,0.001,814292.65,0.999,1504764.67,0.5,0.998,0.0,0.0,0.0,0.0,0.0,0.0,0.0,5231457.219999999,5462284.890000001,10693742.11,5.087
2025-11-01 01:03:28.450,1761984208450,0.001,814292.65,0.999,1504764.67,0.5,0.998,0.0,0.0,0.0,0.0,0.0,0.0,0.0,5250799.02,5411517.23,10662316.25,7.965
2025-11-01 01:03:36.817,1761984216817,0.001,814292.65,0.999,1504764.67,0.5,0.998,0.0,0.0,0.0,0.0,0.0,0.0,0.0,5252818.579999999,5411256.430000001,10664075.01,8.367
2025-11-01 01:03:46.883,1761984226883,0.001,814292.65,0.999,1504764.67,0.5,0.998,0.0,0.0,0.0,0.0,0.0,0.0,0.0,5250677.239999999,5409769.26,10660446.5,10.066
2025-11-01 01:04:14.160,1761984254160,0.001,814292.65,0.999,1504764.67,0.5,0.998,0.0,0.0,0.0,0.0,0.0,0.0,0.0,5247376.2,5459075.739999999,10706451.94,27.277
2025-11-01 01:04:16.070,1761984256070,0.001,814292.65,0.999,1504764.67,0.5,0.998,0.0,0.0,0.0,0.0,0.0,0.0,0.0,5245966.35,5447832.03,10693798.379999999,1.91
2025-11-01 01:04:44.487,1761984284487,0.001,814292.65,0.999,1504764.67,0.5,0.998,0.0,0.0,0.0,0.0,0.0,0.0,0.0,5247404.0,5458502.199999999,10705906.2,28.417
2025-11-01 01:04:50.822,1761984290822,0.001,814292.65,0.999,1504764.67,0.5,0.998,0.0,0.0,0.0,0.0,0.0,0.0,0.0,5247404.0,5451794.199999999,10699198.2,6.335
2025-11-01 01:04:54.628,1761984294628,0.001,814292.65,0.999,1504764.67,0.5,0.998,0.0,0.0,0.0,0.0,0.0,0.0,0.0,5247639.3,5459287.41,10706926.71,3.806
2025-11-01 01:05:08.071,1761984308071,0.001,814292.65,0.999,1504764.67,0.5,0.998,0.0,0.0,0.0,0.0,0.0,0.0,0.0,5251010.05,5463221.539999999,10714231.59,13.443
2025-11-01 01:05:09.389,1761984309389,0.001,814292.65,0.999,1504764.67,0.5,0.998,0.0,0.0,0.0,0.0,0.0,0.0,0.0,5250000.049999999,5463124.64,10713124.689999998,1.318
2025-11-01 01:05:13.884,1761984313884,0.001,814292.65,0.999,1504764.67,0.5,0.998,0.0,0.0,0.0,0.0,0.0,0.0,0.0,5251010.049999999,5463083.7299999995,10714093.779999997,4.495
2025-11-01 01:05:24.277,1761984324277,0.001,814292.65,0.999,1504764.67,0.5,0.998,0.0,0.0,0.0,0.0,0.0,0.0,0.0,5252981.069999999,5463220.819999999,10716201.889999999,10.393
2025-11-01 01:05:28.837,1761984328837,0.001,814292.65,0.999,1504764.67,0.5,0.998,0.0,0.0,0.0,0.0,0.0,0.0,0.0,5252644.149999999,5463220.819999999,10715864.969999999,4.56
2025-11-01 01:05:30.450,1761984330450,0.001,814292.65,0.999,1504764.67,0.5,0.998,0.0,0.0,0.0,0.0,0.0,0.0,0.0,5251457.639999999,5463020.819999999,10714478.459999997,1.613
2025-11-01 01:05:31.411,1761984331411,0.001,814292.65,0.999,1504764.67,0.5,0.998,0.0,0.0,0.0,0.0,0.0,0.0,0.0,5250967.639999999,5459243.93,10710211.569999998,0.961
2025-11-01 01:05:31.538,1761984331538,0.001,814292.65,0.999,1504764.67,0.5,0.998,0.0,0.0,0.0,0.0,0.0,0.0,0.0,5252467.639999999,5447688.779999999,10700156.419999998,0.127
2025-11-01 01:05:39.090,1761984339090,0.001,814292.65,0.999,1504764.67,0.5,0.998,0.0,0.0,0.0,0.0,0.0,0.0,0.0,5252323.349999999,5458537.54,10710860.889999999,7.552
2025-11-01 01:05:53.655,1761984353655,0.001,814292.65,0.999,1504764.67,0.5,0.998,0.0,0.0,0.0,0.0,0.0,0.0,0.0,5252794.719999999,5458808.210000001,10711602.93,14.565
2025-11-01 01:05:58.016,1761984358016,0.001,814292.65,0.999,1504764.67,0.5,0.998,0.0,0.0,0.0,0.0,0.0,0.0,0.0,5253061.919999999,5458818.210000001,10711880.129999999,4.361
2025-11-01 01:05:58.551,1761984358551,0.001,814292.65,0.999,1504764.67,0.5,0.998,0.0,0.0,0.0,0.0,0.0,0.0,0.0,5252891.289999998,5459869.210000001,10712760.5,0.535
2025-11-01 01:05:58.777,1761984358777,0.001,814292.65,0.999,1504764.67,0.5,0.998,0.0,0.0,0.0,0.0,0.0,0.0,0.0,5252414.729999999,5459869.210000001,10712283.94,0.226
2025-11-01 01:06:01.709,1761984361709,0.001,814292.65,0.999,1504764.67,0.5,0.998,0.0,0.0,0.0,0.0,0.0,0.0,0.0,5248950.719999999,5459857.2,10708807.919999998,2.932
2025-11-01 01:06:07.967,1761984367967,0.001,814292.65,0.999,1504764.67,0.5,0.998,0.0,0.0,0.0,0.0,0.0,0.0,0.0,5250333.829999999,5461036.58,10711370.41,6.258
2025-11-01 01:06:26.307,1761984386307,0.001,814292.65,0.999,1504764.67,0.5,0.998,0.0,0.0,0.0,0.0,0.0,0.0,0.0,5250277.029999999,5409562.43,10659839.459999999,18.34
2025-11-01 01:06:31.640,1761984391640,0.001,814292.65,0.999,1504764.67,0.5,0.998,0.0,0.0,0.0,0.0,0.0,0.0,0.0,5250337.329999999,5408829.09,10659166.419999998,5.333
2025-11-01 01:06:32.892,1761984392892,0.001,814292.65,0.999,1504764.67,0.5,0.998,0.0,0.0,0.0,0.0,0.0,0.0,0.0,5250310.449999999,5409672.449999998,10659982.899999999,1.252
2025-11-01 01:06:32.984,1761984392984,0.001,814292.65,0.999,1504764.67,0.5,0.998,0.0,0.0,0.0,0.0,0.0,0.0,0.0,5250243.659999999,5409672.449999998,10659916.109999998,0.092
2025-11-01 01:06:36.422,1761984396422,0.001,814292.65,0.999,1504764.67,0.5,0.998,0.0,0.0,0.0,0.0,0.0,0.0,0.0,5250185.789999999,5410061.609999999,10660247.399999999,3.438
2025-11-01 01:06:39.056,1761984399056,0.001,814292.65,0.999,1504764.67,0.5,0.998,0.0,0.0,0.0,0.0,0.0,0.0,0.0,5250188.819999999,5404624.8,10654813.62,2.634
2025-11-01 01:06:41.639,1761984401639,0.001,814292.65,0.999,1504764.67,0.5,0.998,0.0,0.0,0.0,0.0,0.0,0.0,0.0,5247928.59,5408914.419999999,10656843.009999998,2.583
2025-11-01 01:07:00.958,1761984420958,0.001,814292.65,0.999,1504764.67,0.5,0.998,0.0,0.0,0.0,0.0,0.0,0.0,0.0,5248919.63,5463014.57,10711934.2,19.319
2025-11-01 01:07:58.962,1761984478962,0.001,814292.65,0.999,1504764.67,0.5,0.998,0.0,0.0,0.0,0.0,0.0,0.0,0.0,5242678.01,5457472.21,10700150.219999999,58.004
2025-11-01 01:08:00.247,1761984480247,0.001,814292.65,0.999,1504764.67,0.5,0.998,0.0,0.0,0.0,0.0,0.0,0.0,0.0,5242678.01,5457476.92,10700154.93,1.285
2025-11-01 01:08:02.450,1761984482450,0.001,814292.65,0.999,1504764.67,0.5,0.998,0.0,0.0,0.0,0.0,0.0,0.0,0.0,5245975.009999999,5467487.05,10713462.059999999,2.203
2025-11-01 01:08:02.522,1761984482522,0.001,814292.65,0.999,1504764.67,0.5,0.998,0.0,0.0,0.0,0.0,0.0,0.0,0.0,5245726.099999999,5467492.05,10713218.149999999,0.072
2025-11-01 01:08:05.696,1761984485696,0.001,814292.65,0.999,1504764.67,0.5,0.998,0.0,0.0,0.0,0.0,0.0,0.0,0.0,5237486.039999999,5455579.459999999,10693065.499999998,3.174
2025-11-01 01:08:11.572,1761984491572,0.001,814292.65,0.999,1504764.67,0.5,0.998,0.0,0.0,0.0,0.0,0.0,0.0,0.0,5246721.099999999,5461349.26,10708070.36,5.876
2025-11-01 01:08:42.320,1761984522320,0.001,814292.65,0.999,1504764.67,0.5,0.998,0.0,0.0,0.0,0.0,0.0,0.0,0.0,5240648.759999999,5453903.56,10694552.319999998,30.748
2025-11-01 01:08:42.383,1761984522383,0.001,814292.65,0.999,1504764.67,0.5,0.998,0.0,0.0,0.0,0.0,0.0,0.0,0.0,5240648.759999999,5453889.56,10694538.319999998,0.063
2025-11-01 01:09:05.981,1761984545981,0.001,814292.65,0.999,1504764.67,0.5,0.998,0.0,0.0,0.0,0.0,0.0,0.0,0.0,5239489.4799999995,5454418.649999999,10693908.129999999,23.598
2025-11-01 01:09:24.139,1761984564139,0.001,814292.65,0.999,1504764.67,0.5,0.998,0.0,0.0,0.0,0.0,0.0,0.0,0.0,5243431.54,5403494.009999999,10646925.549999999,18.158
2025-11-01 01:09:39.443,1761984579443,0.001,814292.65,0.999,1504764.67,0.5,0.998,0.0,0.0,0.0,0.0,0.0,0.0,0.0,5241501.449999999,5400910.79,10642412.239999998,15.304
2025-11-01 01:09:48.366,1761984588366,0.001,814292.65,0.999,1504764.67,0.5,0.998,0.0,0.0,0.0,0.0,0.0,0.0,0.0,5241417.869999999,5400910.79,10642328.66,8.923
2025-11-01 01:10:23.787,1761984623787,0.001,814292.65,0.999,1504856.38,0.5,0.998,-91.70999999996275,-91.70999999996275,0.0,0.0,0.0,0.0,91.70999999996275,5255764.199999999,5407929.109999999,10663693.309999999,35.421
2025-11-01 01:10:29.874,1761984629874,0.001,814292.65,0.999,1504856.38,0.5,0.998,0.0,0.0,0.0,0.0,0.0,0.0,0.0,5255639.179999999,5408639.92,10664279.099999998,6.087
2025-11-01 01:10:42.511,1761984642511,0.001,814292.65,0.999,1504856.38,0.5,0.998,0.0,0.0,0.0,0.0,0.0,0.0,0.0,5256059.999999999,5410669.62,10666729.62,12.637
2025-11-01 01:10:54.732,1761984654732,0.001,814292.65,0.999,1504856.38,0.5,0.998,0.0,0.0,0.0,0.0,0.0,0.0,0.0,5256089.179999999,5410657.62,10666746.799999999,12.221
2025-11-01 01:11:30.826,1761984690826,0.001,814292.65,0.999,1504856.38,0.5,0.998,0.0,0.0,0.0,0.0,0.0,0.0,0.0,5255864.449999999,5408692.59,10664557.04,36.094
2025-11-01 01:11:31.403,1761984691403,0.001,814292.65,0.999,1504856.38,0.5,0.998,0.0,0.0,0.0,0.0,0.0,0.0,0.0,5255861.239999999,5408692.59,10664553.829999998,0.577
2025-11-01 01:11:49.926,1761984709926,0.001,814292.65,0.999,1504856.38,0.5,0.998,0.0,0.0,0.0,0.0,0.0,0.0,0.0,5259038.159999999,5413732.4399999995,10672770.599999998,18.523
2025-11-01 01:11:58.871,1761984718871,0.001,814292.65,0.999,1504856.38,0.5,0.998,0.0,0.0,0.0,0.0,0.0,0.0,0.0,5258714.919999999,5413819.19,10672534.11,8.945
2025-11-01 01:11:59.075,1761984719075,0.001,814292.65,0.999,1504856.38,0.5,0.998,0.0,0.0,0.0,0.0,0.0,0.0,0.0,5258714.919999999,5413790.01,10672504.93,0.204
2025-11-01 01:12:05.901,1761984725901,0.001,814292.65,0.999,1504856.38,0.5,0.998,0.0,0.0,0.0,0.0,0.0,0.0,0.0,5258668.619999999,5412329.42,10670998.04,6.826
2025-11-01 01:12:19.659,1761984739659,0.001,814292.65,0.999,1504856.38,0.5,0.998,0.0,0.0,0.0,0.0,0.0,0.0,0.0,5258668.619999999,5414134.489999999,10672803.11,13.758
2025-11-01 01:12:26.944,1761984746944,0.001,814292.65,0.999,1504856.38,0.5,0.998,0.0,0.0,0.0,0.0,0.0,0.0,0.0,5258737.77,5408369.24,10667107.01,7.285
2025-11-01 01:12:27.002,1761984747002,0.001,814292.65,0.999,1504856.38,0.5,0.998,0.0,0.0,0.0,0.0,0.0,0.0,0.0,5258686.6899999995,5408518.16,10667204.85,0.058
2025-11-01 01:12:38.689,1761984758689,0.001,814292.65,0.999,1504856.38,0.5,0.998,0.0,0.0,0.0,0.0,0.0,0.0,0.0,5258764.84,5403993.859999999,10662758.7,11.687
2025-11-01 01:12:42.192,1761984762192,0.001,814292.65,0.999,1504856.38,0.5,0.998,0.0,0.0,0.0,0.0,0.0,0.0,0.0,5250481.109999999,5395993.859999999,10646474.969999999,3.503
2025-11-01 01:12:52.317,1761984772317,0.001,814292.65,0.999,1504856.38,0.5,0.998,0.0,0.0,0.0,0.0,0.0,0.0,0.0,5258229.47,5403753.26,10661982.73,10.125
2025-11-01 01:12:56.746,1761984776746,0.001,814292.65,0.999,1504856.38,0.5,0.998,0.0,0.0,0.0,0.0,0.0,0.0,0.0,5257969.779999999,5403953.26,10661923.04,4.429
2025-11-01 01:13:15.914,1761984795914,0.001,814292.65,0.999,1504856.38,0.5,0.998,0.0,0.0,0.0,0.0,0.0,0.0,0.0,5256992.459999999,5407604.58,10664597.04,19.168
2025-11-01 01:13:25.667,1761984805667,0.001,814292.65,0.999,1504856.38,0.5,0.998,0.0,0.0,0.0,0.0,0.0,0.0,0.0,5257286.699999999,5411524.58,10668811.28,9.753
2025-11-01 01:13:28.677,1761984808677,0.001,814292.65,0.999,1504856.38,0.5,0.998,0.0,0.0,0.0,0.0,0.0,0.0,0.0,5255315.669999999,5411333.3,10666648.969999999,3.01
2025-11-01 01:14:40.799,1761984880799,0.001,814292.65,0.999,1504856.38,0.5,0.998,0.0,0.0,0.0,0.0,0.0,0.0,0.0,5255543.659999999,5408411.189999999,10663954.849999998,72.122
2025-11-01 01:14:50.124,1761984890124,0.001,814292.65,0.999,1504856.38,0.5,0.998,0.0,0.0,0.0,0.0,0.0,0.0,0.0,5255751.659999999,5408111.409999999,10663863.069999998,9.325
2025-11-01 01:14:53.256,1761984893256,0.001,814292.65,0.999,1504856.38,0.5,0.998,0.0,0.0,0.0,0.0,0.0,0.0,0.0,5255705.84,5408171.409999999,10663877.25,3.132
2025-11-01 01:15:10.672,1761984910672,0.001,814292.65,0.999,1504856.38,0.5,0.998,0.0,0.0,0.0,0.0,0.0,0.0,0.0,5254913.609999999,5408520.949999998,10663434.559999999,17.416
2025-11-01 01:15:45.748,1761984945748,0.001,814292.65,0.999,1504856.38,0.5,0.998,0.0,0.0,0.0,0.0,0.0,0.0,0.0,5260067.27,5461391.11,10721458.379999999,35.076
2025-11-01 01:15:52.272,1761984952272,0.001,814292.65,0.999,1504856.38,0.5,0.998,0.0,0.0,0.0,0.0,0.0,0.0,0.0,5260067.2700000005,5461345.29,10721412.56,6.524
2025-11-01 01:15:56.663,1761984956663,0.001,814292.65,0.999,1504856.38,0.5,0.998,0.0,0.0,0.0,0.0,0.0,0.0,0.0,5260067.2700000005,5461344.2299999995,10721411.5,4.391
2025-11-01 01:16:17.307,1761984977307,0.001,814292.65,0.999,1504856.38,0.5,0.998,0.0,0.0,0.0,0.0,0.0,0.0,0.0,5258661.49,5458456.63,10717118.120000001,20.644
2025-11-01 01:16:27.906,1761984987906,0.001,814292.65,0.999,1504856.38,0.5,0.998,0.0,0.0,0.0,0.0,0.0,0.0,0.0,5255471.19,5453255.159999998,10708726.349999998,10.599
2025-11-01 01:16:35.288,1761984995288,0.001,814292.65,0.999,1504856.38,0.5,0.998,0.0,0.0,0.0,0.0,0.0,0.0,0.0,5255654.88,5451277.879999999,10706932.759999998,7.382
2025-11-01 01:16:56.266,1761985016266,0.001,814292.65,0.999,1504856.38,0.5,0.998,0.0,0.0,0.0,0.0,0.0,0.0,0.0,5258685.159999999,5458579.76,10717264.919999998,20.978
2025-11-01 01:17:18.231,1761985038231,0.001,814292.65,0.999,1504856.38,0.5,0.998,0.0,0.0,0.0,0.0,0.0,0.0,0.0,5259237.319999999,5456329.08,10715566.399999999,21.965
2025-11-01 01:17:38.782,1761985058782,0.001,814292.65,0.999,1504856.38,0.5,0.998,0.0,0.0,0.0,0.0,0.0,0.0,0.0,5259237.319999999,5457835.040000001,10717072.36,20.551
2025-11-01 01:17:38.996,1761985058996,0.001,814292.65,0.999,1504856.38,0.5,0.998,0.0,0.0,0.0,0.0,0.0,0.0,0.0,5259237.319999999,5457552.210000001,10716789.530000001,0.214
2025-11-01 01:17:42.180,1761985062180,0.001,814292.65,0.999,1504856.38,0.5,0.998,0.0,0.0,0.0,0.0,0.0,0.0,0.0,5251295.629999999,5449638.84,10700934.469999999,3.184
2025-11-01 01:17:42.539,1761985062539,0.001,814292.65,0.999,1504856.38,0.5,0.998,0.0,0.0,0.0,0.0,0.0,0.0,0.0,5259289.339999999,5457638.84,10716928.18,0.359
2025-11-01 01:17:48.197,1761985068197,0.001,814292.65,0.999,1504856.38,0.5,0.998,0.0,0.0,0.0,0.0,0.0,0.0,0.0,5259289.339999999,5455527.239999999,10714816.579999998,5.658
2025-11-01 01:17:48.351,1761985068351,0.001,814292.65,0.999,1504856.38,0.5,0.998,0.0,0.0,0.0,0.0,0.0,0.0,0.0,5259289.339999999,5455212.129999999,10714501.469999999,0.154
2025-11-01 01:18:16.906,1761985096906,0.001,814292.65,0.999,1504856.38,0.5,0.998,0.0,0.0,0.0,0.0,0.0,0.0,0.0,5261268.06,5457075.46,10718343.52,28.555
2025-11-01 01:19:00.350,1761985140350,0.001,814292.65,0.999,1504856.38,0.5,0.998,0.0,0.0,0.0,0.0,0.0,0.0,0.0,5260914.289999998,5457288.46,10718202.749999998,43.444
2025-11-01 01:19:11.805,1761985151805,0.001,814292.65,0.999,1504856.38,0.5,0.998,0.0,0.0,0.0,0.0,0.0,0.0,0.0,5258955.259999999,5457051.4,10716006.66,11.455
2025-11-01 01:19:20.844,1761985160844,0.001,814292.65,0.999,1504856.38,0.5,0.998,0.0,0.0,0.0,0.0,0.0,0.0,0.0,5258511.039999999,5457396.909999999,10715907.95,9.039
2025-11-01 01:19:26.792,1761985166792,0.001,814292.65,0.999,1504856.38,0.5,0.998,0.0,0.0,0.0,0.0,0.0,0.0,0.0,5260016.079999999,5457111.4,10717127.48,5.948
2025-11-01 01:19:36.042,1761985176042,0.001,814292.65,0.999,1504856.38,0.5,0.998,0.0,0.0,0.0,0.0,0.0,0.0,0.0,5261987.109999999,5457279.46,10719266.57,9.25
2025-11-01 01:20:07.035,1761985207035,0.001,814292.65,0.999,1504856.38,0.5,0.998,0.0,0.0,0.0,0.0,0.0,0.0,0.0,5257190.079999999,5457051.4,10714241.48,30.993
2025-11-01 01:20:33.887,1761985233887,0.001,814292.65,0.999,1504856.38,0.5,0.998,0.0,0.0,0.0,0.0,0.0,0.0,0.0,5257258.77,5456930.19,10714188.96,26.852
2025-11-01 01:20:44.080,1761985244080,0.001,814292.65,0.999,1504856.38,0.5,0.998,0.0,0.0,0.0,0.0,0.0,0.0,0.0,5257090.779999998,5457275.699999999,10714366.479999997,10.193
2025-11-01 01:20:48.418,1761985248418,0.001,814292.65,0.999,1504856.38,0.5,0.998,0.0,0.0,0.0,0.0,0.0,0.0,0.0,5256877.479999999,5457275.699999999,10714153.179999998,4.338
2025-11-01 01:20:56.914,1761985256914,0.001,814292.65,0.999,1504856.38,0.5,0.998,0.0,0.0,0.0,0.0,0.0,0.0,0.0,5255508.42,5453138.419999998,10708646.839999998,8.496
2025-11-01 01:21:03.618,1761985263618,0.001,814292.65,0.999,1504856.38,0.5,0.998,0.0,0.0,0.0,0.0,0.0,0.0,0.0,5256749.509999998,5451941.949999999,10708691.459999997,6.704
2025-11-01 01:21:10.539,1761985270539,0.001,814292.65,0.999,1504856.38,0.5,0.998,0.0,0.0,0.0,0.0,0.0,0.0,0.0,5254815.349999999,5451819.079999999,10706634.429999998,6.921
2025-11-01 01:21:19.673,1761985279673,0.001,814292.65,0.999,1504856.38,0.5,0.998,0.0,0.0,0.0,0.0,0.0,0.0,0.0,5258330.02,5458199.539999998,10716529.559999999,9.134
2025-11-01 01:21:25.168,1761985285168,0.001,814292.65,0.999,1504856.38,0.5,0.998,0.0,0.0,0.0,0.0,0.0,0.0,0.0,5262621.319999999,5462544.399999999,10725165.719999999,5.495
2025-11-01 01:21:42.755,1761985302755,0.001,814292.65,0.999,1504856.38,0.5,0.998,0.0,0.0,0.0,0.0,0.0,0.0,0.0,5259027.869999999,5457250.199999999,10716278.069999998,17.587
2025-11-01 01:21:46.324,1761985306324,0.001,814292.65,0.999,1504856.38,0.5,0.998,0.0,0.0,0.0,0.0,0.0,0.0,0.0,5259027.869999999,5457003.89,10716031.759999998,3.569
2025-11-01 01:22:07.279,1761985327279,0.001,814292.65,0.999,1504856.38,0.5,0.998,0.0,0.0,0.0,0.0,0.0,0.0,0.0,5260035.869999999,5461121.199999999,10721157.069999998,20.955
2025-11-01 01:22:23.873,1761985343873,0.001,814292.65,0.999,1504856.38,0.5,0.998,0.0,0.0,0.0,0.0,0.0,0.0,0.0,5264159.199999999,5466252.089999999,10730411.29,16.594
2025-11-01 01:22:59.570,1761985379570,0.001,814292.65,0.999,1504856.38,0.5,0.998,0.0,0.0,0.0,0.0,0.0,0.0,0.0,5265211.819999999,5465930.279999999,10731142.099999998,35.697
2025-11-01 01:23:02.976,1761985382976,0.001,814292.65,0.999,1504856.38,0.5,0.998,0.0,0.0,0.0,0.0,0.0,0.0,0.0,5264413.919999999,5465385.75,10729799.669999998,3.406
2025-11-01 01:23:06.725,1761985386725,0.001,814292.65,0.999,1504856.38,0.5,0.998,0.0,0.0,0.0,0.0,0.0,0.0,0.0,5264436.359999999,5465137.29,10729573.649999999,3.749
2025-11-01 01:23:10.589,1761985390589,0.001,814292.65,0.999,1504856.38,0.5,0.998,0.0,0.0,0.0,0.0,0.0,0.0,0.0,5264436.359999999,5464867.46,10729303.82,3.864
2025-11-01 01:23:14.377,1761985394377,0.001,814292.65,0.999,1504856.38,0.5,0.998,0.0,0.0,0.0,0.0,0.0,0.0,0.0,5266370.38,5465413.619999999,10731784.0,3.788
2025-11-01 01:23:17.935,1761985397935,0.001,814292.65,0.999,1504856.38,0.5,0.998,0.0,0.0,0.0,0.0,0.0,0.0,0.0,5264399.35,5465411.989999999,10729811.34,3.558
2025-11-01 01:23:20.566,1761985400566,0.001,814292.65,0.999,1504856.38,0.5,0.998,0.0,0.0,0.0,0.0,0.0,0.0,0.0,5264436.359999999,5464618.88,10729055.239999998,2.631
2025-11-01 01:23:25.163,1761985405163,0.001,814292.65,0.999,1504856.38,0.5,0.998,0.0,0.0,0.0,0.0,0.0,0.0,0.0,5264436.359999999,5464359.68,10728796.04,4.597
2025-11-01 01:23:57.545,1761985437545,0.001,814292.65,0.999,1504856.38,0.5,0.998,0.0,0.0,0.0,0.0,0.0,0.0,0.0,5257776.329999999,5457640.090000001,10715416.42,32.382
2025-11-01 01:24:01.725,1761985441725,0.001,814292.65,0.999,1504856.38,0.5,0.998,0.0,0.0,0.0,0.0,0.0,0.0,0.0,5265543.829999999,5459189.250000001,10724733.08,4.18
2025-11-01 01:24:05.050,1761985445050,0.001,814292.65,0.999,1504856.38,0.5,0.998,0.0,0.0,0.0,0.0,0.0,0.0,0.0,5265516.839999999,5459408.570000001,10724925.41,3.325
2025-11-01 01:24:17.742,1761985457742,0.001,814292.65,0.999,1504856.38,0.5,0.998,0.0,0.0,0.0,0.0,0.0,0.0,0.0,5266134.589999999,5460718.93,10726853.52,12.692
2025-11-01 01:24:21.960,1761985461960,0.001,814292.65,0.999,1504856.38,0.5,0.998,0.0,0.0,0.0,0.0,0.0,0.0,0.0,5266134.589999999,5461649.01,10727783.599999998,4.218
2025-11-01 01:24:35.872,1761985475872,0.001,814292.65,0.999,1504856.38,0.5,0.998,0.0,0.0,0.0,0.0,0.0,0.0,0.0,5267965.619999998,5461649.01,10729614.629999999,13.912
2025-11-01 01:24:46.517,1761985486517,0.001,814292.65,0.999,1504856.38,0.5,0.998,0.0,0.0,0.0,0.0,0.0,0.0,0.0,5265994.589999999,5461485.01,10727479.599999998,10.645
2025-11-01 01:25:14.293,1761985514293,0.001,814292.65,0.999,1504856.38,0.5,0.998,0.0,0.0,0.0,0.0,0.0,0.0,0.0,5266080.589999999,5463685.02,10729765.61,27.776
2025-11-01 01:25:16.907,1761985516907,0.001,814292.65,0.999,1504856.38,0.5,0.998,0.0,0.0,0.0,0.0,0.0,0.0,0.0,5266080.589999999,5463443.55,10729524.139999999,2.614
2025-11-01 01:25:39.457,1761985539457,0.001,814292.65,0.999,1504856.38,0.5,0.998,0.0,0.0,0.0,0.0,0.0,0.0,0.0,5267427.599999999,5463001.99,10730429.59,22.55
2025-11-01 01:25:50.018,1761985550018,0.001,814292.65,0.999,1504856.38,0.5,0.998,0.0,0.0,0.0,0.0,0.0,0.0,0.0,5267427.599999999,5461701.68,10729129.279999997,10.561
2025-11-01 01:25:52.427,1761985552427,0.001,814292.65,0.999,1504856.38,0.5,0.998,0.0,0.0,0.0,0.0,0.0,0.0,0.0,5267427.209999999,5462922.59,10730349.799999999,2.409
2025-11-01 01:26:08.094,1761985568094,0.001,814292.65,0.999,1504856.38,0.5,0.998,0.0,0.0,0.0,0.0,0.0,0.0,0.0,5264579.129999999,5462176.75,10726755.879999999,15.667
2025-11-01 01:26:09.609,1761985569609,0.001,814292.65,0.999,1504856.38,0.5,0.998,0.0,0.0,0.0,0.0,0.0,0.0,0.0,5264424.709999999,5462727.59,10727152.299999999,1.515
2025-11-01 01:26:10.429,1761985570429,0.001,814292.65,0.999,1504856.38,0.5,0.998,0.0,0.0,0.0,0.0,0.0,0.0,0.0,5264426.259999999,5462520.73,10726946.989999998,0.82
2025-11-01 01:26:12.749,1761985572749,0.001,814292.65,0.999,1504856.38,0.5,0.998,0.0,0.0,0.0,0.0,0.0,0.0,0.0,5263991.159999999,5462920.73,10726911.89,2.32
2025-11-01 01:26:15.189,1761985575189,0.001,814292.65,0.999,1504856.38,0.5,0.998,0.0,0.0,0.0,0.0,0.0,0.0,0.0,5263991.159999999,5462504.89,10726496.049999999,2.44
2025-11-01 01:26:15.741,1761985575741,0.001,814292.65,0.999,1504856.38,0.5,0.998,0.0,0.0,0.0,0.0,0.0,0.0,0.0,5263991.159999999,5462806.03,10726797.19,0.552
2025-11-01 01:26:31.256,1761985591256,0.001,814292.65,0.999,1504856.38,0.5,0.998,0.0,0.0,0.0,0.0,0.0,0.0,0.0,5263991.159999999,5462602.48,10726593.64,15.515
2025-11-01 01:26:31.454,1761985591454,0.001,814292.65,0.999,1504856.38,0.5,0.998,0.0,0.0,0.0,0.0,0.0,0.0,0.0,5263984.309999999,5462802.48,10726786.79,0.198
2025-11-01 01:26:35.790,1761985595790,0.001,814292.65,0.999,1504856.38,0.5,0.998,0.0,0.0,0.0,0.0,0.0,0.0,0.0,5265720.729999999,5463612.110000001,10729332.84,4.336
2025-11-01 01:26:36.174,1761985596174,0.001,814292.65,0.999,1504856.38,0.5,0.998,0.0,0.0,0.0,0.0,0.0,0.0,0.0,5265603.299999999,5463812.110000001,10729415.41,0.384
2025-11-01 01:26:37.225,1761985597225,0.001,814292.65,0.999,1504856.38,0.5,0.998,0.0,0.0,0.0,0.0,0.0,0.0,0.0,5264810.299999999,5463612.110000001,10728422.41,1.051
2025-11-01 01:26:42.154,1761985602154,0.001,814292.65,0.999,1504856.38,0.5,0.998,0.0,0.0,0.0,0.0,0.0,0.0,0.0,5263810.299999999,5457910.910000001,10721721.21,4.929
2025-11-01 01:26:43.283,1761985603283,0.001,814292.65,0.999,1504856.38,0.5,0.998,0.0,0.0,0.0,0.0,0.0,0.0,0.0,5263273.299999999,5458110.910000001,10721384.21,1.129
2025-11-01 01:26:47.147,1761985607147,0.001,814292.65,0.999,1504856.38,0.5,0.998,0.0,0.0,0.0,0.0,0.0,0.0,0.0,5263804.729999999,5457648.03,10721452.759999998,3.864
2025-11-01 01:26:49.441,1761985609441,0.001,814292.65,0.999,1504856.38,0.5,0.998,0.0,0.0,0.0,0.0,0.0,0.0,0.0,5264578.729999999,5457648.03,10722226.759999998,2.294
2025-11-01 01:26:55.685,1761985615685,0.001,814292.65,0.999,1504856.38,0.5,0.998,0.0,0.0,0.0,0.0,0.0,0.0,0.0,5262192.729999999,5456612.460000001,10718805.19,6.244
2025-11-01 01:26:58.222,1761985618222,0.001,814292.65,0.999,1504856.38,0.5,0.998,0.0,0.0,0.0,0.0,0.0,0.0,0.0,5262072.729999999,5455236.630000001,10717309.36,2.537
2025-11-01 01:26:59.277,1761985619277,0.001,814292.65,0.999,1504856.38,0.5,0.998,0.0,0.0,0.0,0.0,0.0,0.0,0.0,5262087.719999999,5455824.58,10717912.299999999,1.055
2025-11-01 01:27:02.000,1761985622000,0.001,814292.65,0.999,1504856.38,0.5,0.998,0.0,0.0,0.0,0.0,0.0,0.0,0.0,5261928.719999999,5455829.58,10717758.299999999,2.723
2025-11-01 01:27:08.561,1761985628561,0.001,814292.65,0.999,1504856.38,0.5,0.998,0.0,0.0,0.0,0.0,0.0,0.0,0.0,5258912.389999999,5398802.36,10657714.75,6.561
2025-11-01 01:27:14.704,1761985634704,0.001,814292.65,0.999,1504856.38,0.5,0.998,0.0,0.0,0.0,0.0,0.0,0.0,0.0,5258699.389999999,5398120.52,10656819.909999998,6.143
2025-11-01 01:27:19.724,1761985639724,0.001,814292.65,0.999,1504856.38,0.5,0.998,0.0,0.0,0.0,0.0,0.0,0.0,0.0,5262397.739999998,5402829.5200000005,10665227.259999998,5.02
2025-11-01 01:27:20.873,1761985640873,0.001,814292.65,0.999,1504856.38,0.5,0.998,0.0,0.0,0.0,0.0,0.0,0.0,0.0,5262353.739999998,5402629.5200000005,10664983.259999998,1.149
2025-11-01 01:27:21.141,1761985641141,0.001,814292.65,0.999,1504856.38,0.5,0.998,0.0,0.0,0.0,0.0,0.0,0.0,0.0,5262198.569999998,5402442.680000001,10664641.25,0.268
2025-11-01 01:27:24.577,1761985644577,0.001,814292.65,0.999,1504856.38,0.5,0.998,0.0,0.0,0.0,0.0,0.0,0.0,0.0,5265100.229999999,5402798.77,10667898.999999998,3.436
2025-11-01 01:27:26.875,1761985646875,0.001,814292.65,0.999,1504856.38,0.5,0.998,0.0,0.0,0.0,0.0,0.0,0.0,0.0,5262077.319999998,5403083.02,10665160.339999998,2.298
2025-11-01 01:27:59.744,1761985679744,0.001,814292.65,0.999,1504856.38,0.5,0.998,0.0,0.0,0.0,0.0,0.0,0.0,0.0,5262086.319999998,5456314.83,10718401.149999999,32.869
2025-11-01 01:28:14.724,1761985694724,0.001,814292.65,0.999,1504856.38,0.5,0.998,0.0,0.0,0.0,0.0,0.0,0.0,0.0,5262091.319999998,5461365.52,10723456.839999998,14.98
2025-11-01 01:28:28.321,1761985708321,0.001,814292.65,0.999,1504856.38,0.5,0.998,0.0,0.0,0.0,0.0,0.0,0.0,0.0,5265011.199999998,5460270.15,10725281.349999998,13.597
2025-11-01 01:28:36.172,1761985716172,0.001,814292.65,0.999,1504856.38,0.5,0.998,0.0,0.0,0.0,0.0,0.0,0.0,0.0,5264978.329999998,5460081.73,10725060.059999999,7.851
2025-11-01 01:29:06.684,1761985746684,0.001,814292.65,0.999,1504856.38,0.5,0.998,0.0,0.0,0.0,0.0,0.0,0.0,0.0,5264934.759999999,5471432.549999999,10736367.309999999,30.512
2025-11-01 01:29:12.565,1761985752565,0.001,814292.65,0.999,1504856.38,0.5,0.998,0.0,0.0,0.0,0.0,0.0,0.0,0.0,5264941.759999999,5471410.35,10736352.11,5.881
2025-11-01 01:29:48.074,1761985788074,0.001,814292.65,0.999,1504856.38,0.5,0.998,0.0,0.0,0.0,0.0,0.0,0.0,0.0,5264409.019999999,5471370.929999999,10735779.949999997,35.509
2025-11-01 01:29:53.373,1761985793373,0.001,814292.65,0.999,1504856.38,0.5,0.998,0.0,0.0,0.0,0.0,0.0,0.0,0.0,5264409.019999999,5471292.579999999,10735701.599999998,5.299
2025-11-01 01:30:04.264,1761985804264,0.001,814292.65,0.999,1504856.38,0.5,0.998,0.0,0.0,0.0,0.0,0.0,0.0,0.0,5264296.349999999,5471302.579999999,10735598.929999998,10.891
2025-11-01 01:30:16.187,1761985816187,0.001,814292.65,0.999,1504856.38,0.5,0.998,0.0,0.0,0.0,0.0,0.0,0.0,0.0,5264402.019999999,5471292.579999999,10735694.599999998,11.923
2025-11-01 01:30:18.779,1761985818779,0.001,814292.65,0.999,1504856.38,0.5,0.998,0.0,0.0,0.0,0.0,0.0,0.0,0.0,5264471.8999999985,5469990.499999999,10734462.399999999,2.592
2025-11-01 01:30:29.473,1761985829473,0.001,814292.65,0.999,1504856.38,0.5,0.998,0.0,0.0,0.0,0.0,0.0,0.0,0.0,5264465.199999998,5469474.069999999,10733939.269999998,10.694
2025-11-01 01:30:35.604,1761985835604,0.001,814292.65,0.999,1504856.38,0.5,0.998,0.0,0.0,0.0,0.0,0.0,0.0,0.0,5264351.239999998,5469900.76,10734251.999999998,6.131
2025-11-01 01:30:50.635,1761985850635,0.001,814292.65,0.999,1504856.38,0.5,0.998,0.0,0.0,0.0,0.0,0.0,0.0,0.0,5266252.389999999,5462022.569999999,10728274.959999997,15.031
2025-11-01 01:30:55.328,1761985855328,0.001,814292.65,0.999,1504856.38,0.5,0.998,0.0,0.0,0.0,0.0,0.0,0.0,0.0,5248051.479999999,5451319.42,10699370.899999999,4.693
2025-11-01 01:30:57.411,1761985857411,0.001,814292.65,0.999,1504856.38,0.5,0.998,0.0,0.0,0.0,0.0,0.0,0.0,0.0,5264281.3599999985,5458263.4399999995,10722544.799999997,2.083
2025-11-01 01:31:01.805,1761985861805,0.001,814292.65,0.999,1504856.38,0.5,0.998,0.0,0.0,0.0,0.0,0.0,0.0,0.0,5264326.819999998,5457659.189999999,10721986.009999998,4.394
2025-11-01 01:31:03.817,1761985863817,0.001,814292.65,0.999,1504856.38,0.5,0.998,0.0,0.0,0.0,0.0,0.0,0.0,0.0,5264313.269999999,5457960.479999999,10722273.749999996,2.012
2025-11-01 01:31:24.097,1761985884097,0.001,814292.65,0.999,1504856.38,0.5,0.998,0.0,0.0,0.0,0.0,0.0,0.0,0.0,5264269.3599999985,5461996.149999999,10726265.509999998,20.28
2025-11-01 01:31:32.521,1761985892521,0.001,814292.65,0.999,1504856.38,0.5,0.998,0.0,0.0,0.0,0.0,0.0,0.0,0.0,5261199.3599999985,5470656.149999999,10731855.509999998,8.424
2025-11-01 01:31:37.348,1761985897348,0.001,814292.65,0.999,1504856.38,0.5,0.998,0.0,0.0,0.0,0.0,0.0,0.0,0.0,5261199.3599999985,5470542.869999999,10731742.229999997,4.827
2025-11-01 01:31:41.159,1761985901159,0.001,814292.65,0.999,1504856.38,0.5,0.998,0.0,0.0,0.0,0.0,0.0,0.0,0.0,5261199.3599999985,5470541.81,10731741.169999998,3.811
2025-11-01 01:31:46.610,1761985906610,0.001,814292.65,0.999,1504856.38,0.5,0.998,0.0,0.0,0.0,0.0,0.0,0.0,0.0,5262362.3599999985,5470521.81,10732884.169999998,5.451
2025-11-01 01:31:47.848,1761985907848,0.001,814292.65,0.999,1504856.38,0.5,0.998,0.0,0.0,0.0,0.0,0.0,0.0,0.0,5262362.3599999985,5470280.4399999995,10732642.799999997,1.238
2025-11-01 01:31:55.064,1761985915064,0.001,814292.65,0.999,1504856.38,0.5,0.998,0.0,0.0,0.0,0.0,0.0,0.0,0.0,5262118.8999999985,5470280.4399999995,10732399.339999998,7.216
2025-11-01 01:32:06.458,1761985926458,0.001,814292.65,0.999,1504856.38,0.5,0.998,0.0,0.0,0.0,0.0,0.0,0.0,0.0,5262142.879999998,5469948.869999999,10732091.749999996,11.394
2025-11-01 01:32:10.855,1761985930855,0.001,814292.65,0.999,1504856.38,0.5,0.998,0.0,0.0,0.0,0.0,0.0,0.0,0.0,5265092.879999998,5463125.59,10728218.469999999,4.397
2025-11-01 01:32:19.602,1761985939602,0.001,814292.65,0.999,1504856.38,0.5,0.998,0.0,0.0,0.0,0.0,0.0,0.0,0.0,5262487.599999999,5461125.59,10723613.189999998,8.747
2025-11-01 01:32:22.102,1761985942102,0.001,814292.65,0.999,1504856.38,0.5,0.998,0.0,0.0,0.0,0.0,0.0,0.0,0.0,5262487.599999999,5461119.17,10723606.77,2.5
2025-11-01 01:32:30.253,1761985950253,0.001,814292.65,0.999,1504856.38,0.5,0.998,0.0,0.0,0.0,0.0,0.0,0.0,0.0,5262487.599999999,5462778.92,10725266.52,8.151
2025-11-01 01:32:37.791,1761985957791,0.001,814292.65,0.999,1504856.38,0.5,0.998,0.0,0.0,0.0,0.0,0.0,0.0,0.0,5262237.599999999,5459124.67,10721362.27,7.538
2025-11-01 01:32:44.491,1761985964491,0.001,814292.65,0.999,1504856.38,0.5,0.998,0.0,0.0,0.0,0.0,0.0,0.0,0.0,5261071.629999998,5459124.67,10720196.299999997,6.7
2025-11-01 01:32:46.717,1761985966717,0.001,814292.65,0.999,1504856.38,0.5,0.998,0.0,0.0,0.0,0.0,0.0,0.0,0.0,5260550.949999998,5462284.67,10722835.619999997,2.226
2025-11-01 01:32:47.734,1761985967734,0.001,814292.65,0.999,1504856.38,0.5,0.998,0.0,0.0,0.0,0.0,0.0,0.0,0.0,5260550.949999998,5462044.779999999,10722595.729999997,1.017
2025-11-01 01:32:49.293,1761985969293,0.001,814292.65,0.999,1504856.38,0.5,0.998,0.0,0.0,0.0,0.0,0.0,0.0,0.0,5260550.949999998,5461524.1,10722075.049999997,1.559
2025-11-01 01:32:56.698,1761985976698,0.001,814292.65,0.999,1504856.38,0.5,0.998,0.0,0.0,0.0,0.0,0.0,0.0,0.0,5260550.949999998,5461517.749999999,10722068.699999997,7.405
2025-11-01 01:33:00.991,1761985980991,0.001,814292.65,0.999,1504856.38,0.5,0.998,0.0,0.0,0.0,0.0,0.0,0.0,0.0,5260550.949999998,5461392.749999999,10721943.699999997,4.293
2025-11-01 01:33:21.994,1761986001994,0.001,814292.65,0.999,1504856.38,0.5,0.998,0.0,0.0,0.0,0.0,0.0,0.0,0.0,5261884.6099999985,5463392.749999999,10725277.359999998,21.003
2025-11-01 01:33:22.362,1761986002362,0.001,814292.65,0.999,1504856.38,0.5,0.998,0.0,0.0,0.0,0.0,0.0,0.0,0.0,5261759.6099999985,5463392.749999999,10725152.359999998,0.368
2025-11-01 01:33:25.737,1761986005737,0.001,814292.65,0.999,1504856.38,0.5,0.998,0.0,0.0,0.0,0.0,0.0,0.0,0.0,5260813.059999999,5464392.749999999,10725205.809999999,3.375
2025-11-01 01:33:26.650,1761986006650,0.001,814292.65,0.999,1504856.38,0.5,0.998,0.0,0.0,0.0,0.0,0.0,0.0,0.0,5260532.8999999985,5464392.749999999,10724925.649999999,0.913
2025-11-01 01:33:29.088,1761986009088,0.001,814292.65,0.999,1504856.38,0.5,0.998,0.0,0.0,0.0,0.0,0.0,0.0,0.0,5260752.8999999985,5463842.59,10724595.489999998,2.438
2025-11-01 01:33:34.226,1761986014226,0.001,814292.65,0.999,1504856.38,0.5,0.998,0.0,0.0,0.0,0.0,0.0,0.0,0.0,5260652.8999999985,5463601.949999999,10724254.849999998,5.138
2025-11-01 01:33:36.366,1761986016366,0.001,814292.65,0.999,1504856.38,0.5,0.998,0.0,0.0,0.0,0.0,0.0,0.0,0.0,5260652.8999999985,5463595.67,10724248.569999998,2.14
2025-11-01 01:33:41.892,1761986021892,0.001,814292.65,0.999,1504856.38,0.5,0.998,0.0,0.0,0.0,0.0,0.0,0.0,0.0,5260411.429999999,5463595.67,10724007.099999998,5.526
2025-11-01 01:33:56.483,1761986036483,0.001,814292.65,0.999,1504856.38,0.5,0.998,0.0,0.0,0.0,0.0,0.0,0.0,0.0,5260300.1499999985,5465018.2299999995,10725318.379999999,14.591
2025-11-01 01:33:58.261,1761986038261,0.001,814292.65,0.999,1504856.38,0.5,0.998,0.0,0.0,0.0,0.0,0.0,0.0,0.0,5260293.879999998,5465018.2299999995,10725312.109999998,1.778
2025-11-01 01:34:15.629,1761986055629,0.001,814292.65,0.999,1504856.38,0.5,0.998,0.0,0.0,0.0,0.0,0.0,0.0,0.0,5260293.879999998,5464972.64,10725266.519999998,17.368
2025-11-01 01:34:40.843,1761986080843,0.001,814292.65,0.999,1504856.38,0.5,0.998,0.0,0.0,0.0,0.0,0.0,0.0,0.0,5263457.739999998,5459663.219999999,10723120.959999997,25.214
2025-11-01 01:34:47.596,1761986087596,0.001,814292.65,0.999,1504856.38,0.5,0.998,0.0,0.0,0.0,0.0,0.0,0.0,0.0,5260757.739999998,5464420.379999999,10725178.119999997,6.753
2025-11-01 01:34:51.121,1761986091121,0.001,814292.65,0.999,1504856.38,0.5,0.998,0.0,0.0,0.0,0.0,0.0,0.0,0.0,5260613.229999999,5464500.379999999,10725113.609999998,3.525
2025-11-01 01:35:37.302,1761986137302,0.001,814292.65,0.999,1504856.38,0.5,0.998,0.0,0.0,0.0,0.0,0.0,0.0,0.0,5260355.239999998,5464505.379999999,10724860.619999997,46.181
2025-11-01 01:35:52.990,1761986152990,0.001,814292.65,0.999,1504856.38,0.5,0.998,0.0,0.0,0.0,0.0,0.0,0.0,0.0,5259473.939999999,5464527.169999999,10724001.109999998,15.688
2025-11-01 01:36:11.554,1761986171554,0.001,814292.65,0.999,1504856.38,0.5,0.998,0.0,0.0,0.0,0.0,0.0,0.0,0.0,5262683.939999999,5464416.179999999,10727100.119999997,18.564
2025-11-01 01:36:18.570,1761986178570,0.001,814292.65,0.999,1504856.38,0.5,0.998,0.0,0.0,0.0,0.0,0.0,0.0,0.0,5262953.939999999,5474215.329999999,10737169.269999998,7.016
2025-11-01 01:36:26.873,1761986186873,0.001,814292.65,0.999,1504856.38,0.5,0.998,0.0,0.0,0.0,0.0,0.0,0.0,0.0,5262924.939999999,5477973.47,10740898.409999998,8.303
2025-11-01 01:36:32.713,1761986192713,0.001,814292.65,0.999,1504856.38,0.5,0.998,0.0,0.0,0.0,0.0,0.0,0.0,0.0,5262904.939999999,5479867.47,10742772.409999998,5.84
2025-11-01 01:36:48.179,1761986208179,0.001,814292.65,0.999,1504856.38,0.5,0.998,0.0,0.0,0.0,0.0,0.0,0.0,0.0,5262904.939999999,5479855.84,10742760.779999997,15.466
2025-11-01 01:36:49.920,1761986209920,0.001,814292.65,0.999,1504856.38,0.5,0.998,0.0,0.0,0.0,0.0,0.0,0.0,0.0,5262904.939999999,5479620.93,10742525.869999997,1.741
2025-11-01 01:37:17.197,1761986237197,0.001,814292.65,0.999,1504856.38,0.5,0.998,0.0,0.0,0.0,0.0,0.0,0.0,0.0,5259954.939999999,5486262.14,10746217.079999998,27.277
2025-11-01 01:37:30.321,1761986250321,0.001,814292.65,0.999,1504856.38,0.5,0.998,0.0,0.0,0.0,0.0,0.0,0.0,0.0,5259953.8999999985,5487822.1899999995,10747776.089999998,13.124
2025-11-01 01:37:36.264,1761986256264,0.001,814292.65,0.999,1504856.38,0.5,0.998,0.0,0.0,0.0,0.0,0.0,0.0,0.0,5254953.8999999985,5487658.869999999,10742612.769999998,5.943
2025-11-01 01:37:38.697,1761986258697,0.001,814292.65,0.999,1504856.38,0.5,0.998,0.0,0.0,0.0,0.0,0.0,0.0,0.0,5254926.869999999,5487658.869999999,10742585.739999998,2.433
2025-11-01 01:37:46.121,1761986266121,0.001,814292.65,0.999,1504856.38,0.5,0.998,0.0,0.0,0.0,0.0,0.0,0.0,0.0,5251006.799999999,5487376.97,10738383.77,7.424
2025-11-01 01:37:47.018,1761986267018,0.001,814292.65,0.999,1504856.38,0.5,0.998,0.0,0.0,0.0,0.0,0.0,0.0,0.0,5251006.799999999,5487141.88,10738148.68,0.897
2025-11-01 01:37:57.323,1761986277323,0.001,814292.65,0.999,1504856.38,0.5,0.998,0.0,0.0,0.0,0.0,0.0,0.0,0.0,5251006.799999999,5486907.01,10737913.809999999,10.305
2025-11-01 01:38:06.269,1761986286269,0.001,814292.65,0.999,1504856.38,0.5,0.998,0.0,0.0,0.0,0.0,0.0,0.0,0.0,5243265.369999998,5485292.01,10728557.379999999,8.946
2025-11-01 01:38:10.472,1761986290472,0.001,814292.65,0.999,1504856.38,0.5,0.998,0.0,0.0,0.0,0.0,0.0,0.0,0.0,5245842.679999999,5485021.9,10730864.579999998,4.203
2025-11-01 01:38:17.358,1761986297358,0.001,814292.65,0.999,1504856.38,0.5,0.998,0.0,0.0,0.0,0.0,0.0,0.0,0.0,5253481.299999999,5485667.069999999,10739148.369999997,6.886
2025-11-01 01:38:25.110,1761986305110,0.001,814292.65,0.999,1504856.38,0.5,0.998,0.0,0.0,0.0,0.0,0.0,0.0,0.0,5253586.659999998,5485667.069999999,10739253.729999997,7.752
2025-11-01 01:38:42.851,1761986322851,0.001,814292.65,0.999,1504856.38,0.5,0.998,0.0,0.0,0.0,0.0,0.0,0.0,0.0,5253536.659999998,5485556.02,10739092.679999998,17.741
2025-11-01 01:38:56.749,1761986336749,0.001,814292.65,0.999,1504856.38,0.5,0.998,0.0,0.0,0.0,0.0,0.0,0.0,0.0,5253536.659999998,5485527.4799999995,10739064.139999997,13.898
2025-11-01 01:39:02.548,1761986342548,0.001,814292.65,0.999,1504856.38,0.5,0.998,0.0,0.0,0.0,0.0,0.0,0.0,0.0,5253521.679999999,5485231.659999999,10738753.339999998,5.799
2025-11-01 01:39:12.090,1761986352090,0.001,814292.65,0.999,1504856.38,0.5,0.998,0.0,0.0,0.0,0.0,0.0,0.0,0.0,5253521.679999999,5484131.819999999,10737653.499999998,9.542
2025-11-01 01:39:23.241,1761986363241,0.001,814292.65,0.999,1504856.38,0.5,0.998,0.0,0.0,0.0,0.0,0.0,0.0,0.0,5253521.679999999,5485165.08,10738686.759999998,11.151
2025-11-01 01:39:24.606,1761986364606,0.001,814292.65,0.999,1504856.38,0.5,0.998,0.0,0.0,0.0,0.0,0.0,0.0,0.0,5253607.229999999,5484250.63,10737857.86,1.365
2025-11-01 01:39:29.257,1761986369257,0.001,814292.65,0.999,1504856.38,0.5,0.998,0.0,0.0,0.0,0.0,0.0,0.0,0.0,5253749.1099999985,5482985.26,10736734.369999997,4.651
2025-11-01 01:39:35.191,1761986375191,0.001,814292.65,0.999,1504856.38,0.5,0.998,0.0,0.0,0.0,0.0,0.0,0.0,0.0,5253629.1099999985,5479985.26,10733614.369999997,5.934
2025-11-01 01:39:36.849,1761986376849,0.001,814292.65,0.999,1504856.38,0.5,0.998,0.0,0.0,0.0,0.0,0.0,0.0,0.0,5253629.1099999985,5479959.909999999,10733589.019999998,1.658
2025-11-01 01:40:01.938,1761986401938,0.001,814292.65,0.999,1504856.38,0.5,0.998,0.0,0.0,0.0,0.0,0.0,0.0,0.0,5253702.589999999,5496485.38,10750187.969999999,25.089
2025-11-01 01:40:03.281,1761986403281,0.001,814292.65,0.999,1504856.38,0.5,0.998,0.0,0.0,0.0,0.0,0.0,0.0,0.0,5253685.589999999,5496285.38,10749970.969999999,1.343
2025-11-01 01:40:03.408,1761986403408,0.001,814292.65,0.999,1504856.38,0.5,0.998,0.0,0.0,0.0,0.0,0.0,0.0,0.0,5253668.609999999,5496285.38,10749953.989999998,0.127
2025-11-01 01:40:05.798,1761986405798,0.001,814292.65,0.999,1504856.38,0.5,0.998,0.0,0.0,0.0,0.0,0.0,0.0,0.0,5245654.409999999,5496285.38,10741939.79,2.39
2025-11-01 01:40:16.162,1761986416162,0.001,814292.65,0.999,1504856.38,0.5,0.998,0.0,0.0,0.0,0.0,0.0,0.0,0.0,5244085.909999999,5499508.0,10743593.91,10.364
2025-11-01 01:40:18.633,1761986418633,0.001,814292.65,0.999,1504856.38,0.5,0.998,0.0,0.0,0.0,0.0,0.0,0.0,0.0,5257403.6899999995,5500135.380000001,10757539.07,2.471
2025-11-01 01:40:25.032,1761986425032,0.001,814292.65,0.999,1504856.38,0.5,0.998,0.0,0.0,0.0,0.0,0.0,0.0,0.0,5257205.6899999995,5496795.380000001,10754001.07,6.399
2025-11-01 01:40:31.109,1761986431109,0.001,814292.65,0.999,1504856.38,0.5,0.998,0.0,0.0,0.0,0.0,0.0,0.0,0.0,5257171.6899999995,5498766.41,10755938.1,6.077
2025-11-01 01:40:37.360,1761986437360,0.001,814292.65,0.999,1504856.38,0.5,0.998,0.0,0.0,0.0,0.0,0.0,0.0,0.0,5257248.6899999995,5496795.38,10754044.07,6.251
2025-11-01 01:40:43.600,1761986443600,0.001,814292.65,0.999,1504856.38,0.5,0.998,0.0,0.0,0.0,0.0,0.0,0.0,0.0,5257132.6899999995,5496995.38,10754128.07,6.24
2025-11-01 01:41:00.035,1761986460035,0.001,814292.65,0.999,1504856.38,0.5,0.998,0.0,0.0,0.0,0.0,0.0,0.0,0.0,5255565.01,5497040.9799999995,10752605.989999998,16.435
2025-11-01 01:41:05.852,1761986465852,0.001,814292.65,0.999,1504856.38,0.5,0.998,0.0,0.0,0.0,0.0,0.0,0.0,0.0,5255557.01,5497047.9799999995,10752604.989999998,5.817
2025-11-01 01:41:11.952,1761986471952,0.001,814292.65,0.999,1504856.38,0.5,0.998,0.0,0.0,0.0,0.0,0.0,0.0,0.0,5255992.01,5497047.98,10753039.99,6.1
2025-11-01 01:41:18.006,1761986478006,0.001,814292.65,0.999,1504856.38,0.5,0.998,0.0,0.0,0.0,0.0,0.0,0.0,0.0,5255762.54,5496847.98,10752610.52,6.054
2025-11-01 01:41:24.405,1761986484405,0.001,814292.65,0.999,1504856.38,0.5,0.998,0.0,0.0,0.0,0.0,0.0,0.0,0.0,5255718.52,5441016.36,10696734.879999999,6.399
2025-11-01 01:42:04.869,1761986524869,0.001,814292.65,0.999,1504856.38,0.5,0.998,0.0,0.0,0.0,0.0,0.0,0.0,0.0,5255691.949999999,5503072.6899999995,10758764.639999999,40.464
2025-11-01 01:42:12.523,1761986532523,0.001,814292.65,0.999,1504856.38,0.5,0.998,0.0,0.0,0.0,0.0,0.0,0.0,0.0,5255541.789999999,5503737.06,10759278.849999998,7.654
2025-11-01 01:42:14.815,1761986534815,0.001,814292.65,0.999,1504856.38,0.5,0.998,0.0,0.0,0.0,0.0,0.0,0.0,0.0,5254553.179999999,5504888.619999999,10759441.799999997,2.292
2025-11-01 01:42:27.401,1761986547401,0.001,814292.65,0.999,1504856.38,0.5,0.998,0.0,0.0,0.0,0.0,0.0,0.0,0.0,5254546.219999999,5504866.409999998,10759412.629999997,12.586
2025-11-01 01:42:51.122,1761986571122,0.001,814292.65,0.999,1504856.38,0.5,0.998,0.0,0.0,0.0,0.0,0.0,0.0,0.0,5254536.219999999,5504822.449999999,10759358.669999998,23.721
2025-11-01 01:42:54.971,1761986574971,0.001,814292.65,0.999,1504856.38,0.5,0.998,0.0,0.0,0.0,0.0,0.0,0.0,0.0,5254569.489999998,5504281.719999999,10758851.209999997,3.849
2025-11-01 01:43:08.499,1761986588499,0.001,814292.65,0.999,1505356.38,0.5,0.998,-500.0,-500.0,0.0,0.0,0.0,0.0,500.0,5254540.1499999985,5504969.869999999,10759510.019999998,13.528
2025-11-01 01:43:09.884,1761986589884,0.001,814292.65,0.999,1505356.38,0.5,0.998,0.0,0.0,0.0,0.0,0.0,0.0,0.0,5254574.489999998,5503978.289999999,10758552.779999997,1.385
2025-11-01 01:43:10.293,1761986590293,0.001,814292.65,0.999,1505356.38,0.5,0.998,0.0,0.0,0.0,0.0,0.0,0.0,0.0,5254574.489999998,5504003.569999999,10758578.059999999,0.409
2025-11-01 01:43:25.338,1761986605338,0.001,814292.65,0.999,1505356.38,0.5,0.998,0.0,0.0,0.0,0.0,0.0,0.0,0.0,5254574.489999998,5503768.89,10758343.379999999,15.045
2025-11-01 01:43:25.762,1761986605762,0.001,814292.65,0.999,1505356.38,0.5,0.998,0.0,0.0,0.0,0.0,0.0,0.0,0.0,5254574.489999998,5503507.289999999,10758081.779999997,0.424
2025-11-01 01:43:46.147,1761986626147,0.001,814292.65,0.999,1505356.38,0.5,0.998,0.0,0.0,0.0,0.0,0.0,0.0,0.0,5251331.469999999,5498265.97,10749597.439999998,20.385
2025-11-01 01:43:54.283,1761986634283,0.001,814292.65,0.999,1505356.38,0.5,0.998,0.0,0.0,0.0,0.0,0.0,0.0,0.0,5254547.229999999,5503306.719999999,10757853.949999997,8.136
2025-11-01 01:43:59.582,1761986639582,0.001,814292.65,0.999,1505356.38,0.5,0.998,0.0,0.0,0.0,0.0,0.0,0.0,0.0,5254551.229999999,5503053.859999999,10757605.089999998,5.299
2025-11-01 01:44:05.784,1761986645784,0.001,814292.65,0.999,1505356.38,0.5,0.998,0.0,0.0,0.0,0.0,0.0,0.0,0.0,5254589.679999999,5502253.92,10756843.599999998,6.202
2025-11-01 01:44:21.807,1761986661807,0.001,814292.65,0.999,1505356.38,0.5,0.998,0.0,0.0,0.0,0.0,0.0,0.0,0.0,5254589.679999999,5501995.279999999,10756584.959999997,16.023
2025-11-01 01:44:29.667,1761986669667,0.001,814292.65,0.999,1505356.38,0.5,0.998,0.0,0.0,0.0,0.0,0.0,0.0,0.0,5254389.679999999,5501983.659999999,10756373.339999998,7.86
2025-11-01 01:44:42.119,1761986682119,0.001,814292.65,0.999,1505356.38,0.5,0.998,0.0,0.0,0.0,0.0,0.0,0.0,0.0,5254389.679999999,5501980.489999999,10756370.169999998,12.452
2025-11-01 01:45:29.672,1761986729672,0.001,814292.65,0.999,1505356.38,0.5,0.998,0.0,0.0,0.0,0.0,0.0,0.0,0.0,5254286.479999999,5449114.9,10703401.379999999,47.553
2025-11-01 01:45:40.894,1761986740894,0.001,814292.65,0.999,1505356.38,0.5,0.998,0.0,0.0,0.0,0.0,0.0,0.0,0.0,5254271.019999999,5451768.109999999,10706039.129999999,11.222
2025-11-01 01:45:43.969,1761986743969,0.001,814292.65,0.999,1505356.38,0.5,0.998,0.0,0.0,0.0,0.0,0.0,0.0,0.0,5256217.709999999,5450397.279999999,10706614.989999998,3.075
2025-11-01 01:46:20.814,1761986780814,0.001,814292.65,0.999,1505356.38,0.5,0.998,0.0,0.0,0.0,0.0,0.0,0.0,0.0,5254247.739999999,5503004.47,10757252.209999999,36.845
2025-11-01 01:46:50.370,1761986810370,0.001,814292.65,0.999,1505356.38,0.5,0.998,0.0,0.0,0.0,0.0,0.0,0.0,0.0,5274379.26,5503213.890000001,10777593.15,29.556
2025-11-01 01:46:52.492,1761986812492,0.001,814292.65,0.999,1505356.38,0.5,0.998,0.0,0.0,0.0,0.0,0.0,0.0,0.0,5273966.43,5503213.890000001,10777180.32,2.122
2025-11-01 01:46:58.502,1761986818502,0.001,814292.65,0.999,1505356.38,0.5,0.998,0.0,0.0,0.0,0.0,0.0,0.0,0.0,5273966.43,5503387.66,10777354.09,6.01
2025-11-01 01:47:19.962,1761986839962,0.001,814292.65,0.999,1505356.38,0.5,0.998,0.0,0.0,0.0,0.0,0.0,0.0,0.0,5274475.1099999985,5502684.72,10777159.829999998,21.46
2025-11-01 01:48:03.288,1761986883288,0.001,814292.65,0.999,1505356.38,0.5,0.998,0.0,0.0,0.0,0.0,0.0,0.0,0.0,5274350.099999999,5504897.58,10779247.68,43.326
2025-11-01 01:48:14.047,1761986894047,0.001,814292.65,0.999,1505356.38,0.5,0.998,0.0,0.0,0.0,0.0,0.0,0.0,0.0,5276319.029999998,5504697.58,10781016.61,10.759
2025-11-01 01:48:23.928,1761986903928,0.001,814292.65,0.999,1505356.38,0.5,0.998,0.0,0.0,0.0,0.0,0.0,0.0,0.0,5276316.029999998,5504697.58,10781013.61,9.881
2025-11-01 01:48:30.871,1761986910871,0.001,814292.65,0.999,1505356.38,0.5,0.998,0.0,0.0,0.0,0.0,0.0,0.0,0.0,5276054.429999998,5504897.569999999,10780951.999999996,6.943
2025-11-01 01:48:54.852,1761986934852,0.001,814292.65,0.999,1505356.38,0.5,0.998,0.0,0.0,0.0,0.0,0.0,0.0,0.0,5274311.3999999985,5505296.579999999,10779607.979999997,23.981
2025-11-01 01:49:19.844,1761986959844,0.001,814292.65,0.999,1505356.38,0.5,0.998,0.0,0.0,0.0,0.0,0.0,0.0,0.0,5274140.93,5504323.12,10778464.05,24.992
2025-11-01 01:49:59.650,1761986999650,0.001,814292.65,0.999,1505356.38,0.5,0.998,0.0,0.0,0.0,0.0,0.0,0.0,0.0,5273853.209999999,5451470.529999999,10725323.739999998,39.806
2025-11-01 01:50:07.211,1761987007211,0.001,814292.65,0.999,1505356.38,0.5,0.998,0.0,0.0,0.0,0.0,0.0,0.0,0.0,5270821.359999999,5502879.779999999,10773701.139999999,7.561
2025-11-01 01:50:21.449,1761987021449,0.001,814292.65,0.999,1505356.38,0.5,0.998,0.0,0.0,0.0,0.0,0.0,0.0,0.0,5270506.6899999995,5502331.119999999,10772837.809999999,14.238
2025-11-01 01:50:25.897,1761987025897,0.001,814292.65,0.999,1505356.38,0.5,0.998,0.0,0.0,0.0,0.0,0.0,0.0,0.0,5270474.72,5502708.699999999,10773183.419999998,4.448
2025-11-01 01:50:26.371,1761987026371,0.001,814292.65,0.999,1505356.38,0.5,0.998,0.0,0.0,0.0,0.0,0.0,0.0,0.0,5269963.46,5502708.699999999,10772672.16,0.474
2025-11-01 01:50:29.074,1761987029074,0.001,814292.65,0.999,1505356.38,0.5,0.998,0.0,0.0,0.0,0.0,0.0,0.0,0.0,5269963.46,5502197.439999999,10772160.899999999,2.703
2025-11-01 01:50:29.337,1761987029337,0.001,814292.65,0.999,1505356.38,0.5,0.998,0.0,0.0,0.0,0.0,0.0,0.0,0.0,5269963.46,5502846.8599999985,10772810.319999998,0.263
2025-11-01 01:50:33.139,1761987033139,0.001,814292.65,0.999,1505356.38,0.5,0.998,0.0,0.0,0.0,0.0,0.0,0.0,0.0,5269962.1,5502190.039999999,10772152.139999999,3.802
2025-11-01 01:50:53.755,1761987053755,0.001,814292.65,0.999,1505356.38,0.5,0.998,0.0,0.0,0.0,0.0,0.0,0.0,0.0,5266742.069999999,5497180.939999999,10763923.009999998,20.616
2025-11-01 01:51:10.294,1761987070294,0.001,814292.65,0.999,1505356.38,0.5,0.998,0.0,0.0,0.0,0.0,0.0,0.0,0.0,5271898.969999999,5502871.37,10774770.34,16.539
2025-11-01 01:51:14.235,1761987074235,0.001,814292.65,0.999,1505356.38,0.5,0.998,0.0,0.0,0.0,0.0,0.0,0.0,0.0,5271675.37,5502367.449999999,10774042.82,3.941
2025-11-01 01:51:26.855,1761987086855,0.001,814292.65,0.999,1505356.38,0.5,0.998,0.0,0.0,0.0,0.0,0.0,0.0,0.0,5271435.479999999,5502367.449999999,10773802.929999998,12.62
2025-11-01 01:51:35.625,1761987095625,0.001,814292.65,0.999,1505356.38,0.5,0.998,0.0,0.0,0.0,0.0,0.0,0.0,0.0,5269464.409999999,5500367.449999999,10769831.86,8.77
2025-11-01 01:51:49.285,1761987109285,0.001,814292.65,0.999,1505356.38,0.5,0.998,0.0,0.0,0.0,0.0,0.0,0.0,0.0,5269453.9799999995,5502652.3,10772106.28,13.66
2025-11-01 01:52:29.929,1761987149929,0.001,814292.65,0.999,1505356.38,0.5,0.998,0.0,0.0,0.0,0.0,0.0,0.0,0.0,5273438.089999999,5502962.55,10776400.639999999,40.644
2025-11-01 01:52:31.603,1761987151603,0.001,814292.65,0.999,1505356.38,0.5,0.998,0.0,0.0,0.0,0.0,0.0,0.0,0.0,5273474.01,5501894.989999999,10775369.0,1.674
2025-11-01 01:52:33.352,1761987153352,0.001,814292.65,0.999,1505356.38,0.5,0.998,0.0,0.0,0.0,0.0,0.0,0.0,0.0,5273438.089999999,5502311.899999999,10775749.989999998,1.749
2025-11-01 01:52:35.198,1761987155198,0.001,814292.65,0.999,1505356.38,0.5,0.998,0.0,0.0,0.0,0.0,0.0,0.0,0.0,5273664.159999999,5501816.66,10775480.82,1.846
2025-11-01 01:52:53.614,1761987173614,0.001,814292.65,0.999,1505356.38,0.5,0.998,0.0,0.0,0.0,0.0,0.0,0.0,0.0,5274039.089999999,5501741.59,10775780.68,18.416
2025-11-01 01:53:11.886,1761987191886,0.001,814292.65,0.999,1505356.38,0.5,0.998,0.0,0.0,0.0,0.0,0.0,0.0,0.0,5272144.909999999,5500554.999999999,10772699.909999998,18.272
2025-11-01 01:53:40.944,1761987220944,0.001,814292.65,0.999,1505356.38,0.5,0.998,0.0,0.0,0.0,0.0,0.0,0.0,0.0,5271896.14,5501598.419999999,10773494.559999999,29.058
2025-11-01 01:54:08.101,1761987248101,0.001,814292.65,0.999,1505356.38,0.5,0.998,0.0,0.0,0.0,0.0,0.0,0.0,0.0,5271810.249999999,5502884.839999999,10774695.089999998,27.157
2025-11-01 01:54:09.929,1761987249929,0.001,814292.65,0.999,1505356.38,0.5,0.998,0.0,0.0,0.0,0.0,0.0,0.0,0.0,5271684.509999999,5502884.839999999,10774569.349999998,1.828
2025-11-01 01:54:23.849,1761987263849,0.001,814292.65,0.999,1505356.38,0.5,0.998,0.0,0.0,0.0,0.0,0.0,0.0,0.0,5272317.6499999985,5502884.839999998,10775202.489999996,13.92
2025-11-01 01:54:35.136,1761987275136,0.001,814292.65,0.999,1505356.38,0.5,0.998,0.0,0.0,0.0,0.0,0.0,0.0,0.0,5272082.709999999,5502884.839999998,10774967.549999997,11.287
2025-11-01 01:54:41.642,1761987281642,0.001,814292.65,0.999,1505356.38,0.5,0.998,0.0,0.0,0.0,0.0,0.0,0.0,0.0,5271800.819999998,5502844.239999998,10774645.059999997,6.506
2025-11-01 01:54:42.693,1761987282693,0.001,814292.65,0.999,1505356.38,0.5,0.998,0.0,0.0,0.0,0.0,0.0,0.0,0.0,5271542.189999999,5502844.239999998,10774386.429999996,1.051
2025-11-01 01:54:45.215,1761987285215,0.001,814292.65,0.999,1505356.38,0.5,0.998,0.0,0.0,0.0,0.0,0.0,0.0,0.0,5271542.189999999,5502843.179999999,10774385.369999997,2.522
2025-11-01 01:55:01.626,1761987301626,0.001,814292.65,0.999,1505356.38,0.5,0.998,0.0,0.0,0.0,0.0,0.0,0.0,0.0,5273080.189999999,5502526.299999999,10775606.489999998,16.411
2025-11-01 01:55:02.590,1761987302590,0.001,814292.65,0.999,1505356.38,0.5,0.998,0.0,0.0,0.0,0.0,0.0,0.0,0.0,5273116.109999999,5501804.849999998,10774920.959999997,0.964
2025-11-01 01:55:31.014,1761987331014,0.001,814292.65,0.999,1505356.38,0.5,0.998,0.0,0.0,0.0,0.0,0.0,0.0,0.0,5271509.01,5506004.849999998,10777513.859999998,28.424
2025-11-01 01:55:38.036,1761987338036,0.001,814292.65,0.999,1505356.38,0.5,0.998,0.0,0.0,0.0,0.0,0.0,0.0,0.0,5271241.06,5506015.449999997,10777256.509999998,7.022
2025-11-01 01:55:38.635,1761987338635,0.001,814292.65,0.999,1505356.38,0.5,0.998,0.0,0.0,0.0,0.0,0.0,0.0,0.0,5269422.869999999,5506015.449999997,10775438.319999997,0.599
2025-11-01 01:55:51.049,1761987351049,0.001,814292.65,0.999,1505356.38,0.5,0.998,0.0,0.0,0.0,0.0,0.0,0.0,0.0,5269132.06,5505835.449999997,10774967.509999998,12.414
2025-11-01 01:56:01.402,1761987361402,0.001,814292.65,0.999,1505356.38,0.5,0.998,0.0,0.0,0.0,0.0,0.0,0.0,0.0,5269100.139999999,5504232.429999999,10773332.569999997,10.353
2025-11-01 01:56:13.223,1761987373223,0.001,814292.65,0.999,1505356.38,0.5,0.998,0.0,0.0,0.0,0.0,0.0,0.0,0.0,5267045.869999999,5497984.019999999,10765029.889999997,11.821
2025-11-01 01:56:16.190,1761987376190,0.001,814292.65,0.999,1505356.38,0.5,0.998,0.0,0.0,0.0,0.0,0.0,0.0,0.0,5266712.949999999,5498699.169999998,10765412.119999997,2.967
2025-11-01 01:56:18.212,1761987378212,0.001,814292.65,0.999,1505356.38,0.5,0.998,0.0,0.0,0.0,0.0,0.0,0.0,0.0,5264908.079999999,5498699.169999998,10763607.249999996,2.022
2025-11-01 01:56:18.325,1761987378325,0.001,814292.65,0.999,1505356.38,0.5,0.998,0.0,0.0,0.0,0.0,0.0,0.0,0.0,5264664.959999999,5498699.169999998,10763364.129999997,0.113
