timestamp,timestamp_ms,best_bid_price,best_bid_size,best_ask_price,best_ask_size,mid_price,spread,bid_levels,ask_levels,total_bid_size,total_ask_size
2025-11-01 00:00:05.221,1761980405221,0.001,814292.65,0.999,1504571.92,0.5,0.998,183,56,5182542.060000001,4766304.759999999
2025-11-01 00:00:15.531,1761980415531,0.001,814292.65,0.999,1504571.92,0.5,0.998,183,55,5184302.820000001,4765972.599999999
2025-11-01 00:00:21.868,1761980421868,0.001,814292.65,0.999,1504571.92,0.5,0.998,184,55,5180541.56,4764250.05
2025-11-01 00:00:24.111,1761980424111,0.001,814292.65,0.999,1504571.92,0.5,0.998,183,55,5180358.850000001,4764250.05
2025-11-01 00:00:51.875,1761980451875,0.001,814292.65,0.999,1504571.92,0.5,0.998,184,55,5182083.83,4764573.69
2025-11-01 00:01:02.027,1761980462027,0.001,814292.65,0.999,1504571.92,0.5,0.998,184,55,5181930.220000001,4764582.57
2025-11-01 00:01:19.897,1761980479897,0.001,814292.65,0.999,1504571.92,0.5,0.998,184,55,5180880.220000001,4764504.77
2025-11-01 00:01:20.951,1761980480951,0.001,814292.65,0.999,1504571.92,0.5,0.998,184,55,5181058.220000001,4764832.18
2025-11-01 00:01:29.721,1761980489721,0.001,814292.65,0.999,1504571.92,0.5,0.998,184,56,5180676.57,4820613.2700000005
2025-11-01 00:01:38.035,1761980498035,0.001,814292.65,0.999,1504571.92,0.5,0.998,184,56,5181176.57,4818734.090000001
2025-11-01 00:01:55.515,1761980515515,0.001,814292.65,0.999,1504571.92,0.5,0.998,184,56,5180742.58,4818739.090000001
2025-11-01 00:02:05.676,1761980525676,0.001,814292.65,0.999,1504571.92,0.5,0.998,184,56,5172013.31,4824064.070000001
2025-11-01 00:02:23.614,1761980543614,0.001,814292.65,0.999,1504571.92,0.5,0.998,184,56,5180993.23,4828243.090000001
2025-11-01 00:02:40.617,1761980560617,0.001,814292.65,0.999,1504571.92,0.5,0.998,184,56,5181428.86,4829887.5
2025-11-01 00:02:40.624,1761980560624,0.001,814292.65,0.999,1504571.92,0.5,0.998,184,56,5181428.86,4829620.04
2025-11-01 00:02:43.725,1761980563725,0.001,814292.65,0.999,1504571.92,0.5,0.998,183,57,5174308.149999999,4827849.28
2025-11-01 00:02:48.103,1761980568103,0.001,814292.65,0.999,1504571.92,0.5,0.998,183,56,5183836.520000001,4828982.88
2025-11-01 00:03:28.641,1761980608641,0.001,814292.65,0.999,1504571.92,0.5,0.998,183,56,5183531.53,4780217.289999999
2025-11-01 00:03:54.958,1761980634958,0.001,814292.65,0.999,1504571.92,0.5,0.998,183,56,5184382.98,4775495.199999999
2025-11-01 00:04:23.730,1761980663730,0.001,814292.65,0.999,1504571.92,0.5,0.998,184,55,5186188.0,4780204.559999999
2025-11-01 00:04:28.087,1761980668087,0.001,814292.65,0.999,1504571.92,0.5,0.998,184,55,5189089.699999999,4778717.139999999
2025-11-01 00:04:34.339,1761980674339,0.001,814292.65,0.999,1504571.92,0.5,0.998,184,55,5188018.9399999995,4778555.389999999
2025-11-01 00:04:36.692,1761980676692,0.001,814292.65,0.999,1504571.92,0.5,0.998,184,55,5188018.9399999995,4770766.1499999985
2025-11-01 00:04:38.892,1761980678892,0.001,814292.65,0.999,1504571.92,0.5,0.998,184,55,5187751.4799999995,4770766.1499999985
2025-11-01 00:04:40.199,1761980680199,0.001,814292.65,0.999,1504571.92,0.5,0.998,183,56,5186278.649999999,4771033.6099999985
2025-11-01 00:04:44.176,1761980684176,0.001,814292.65,0.999,1504571.92,0.5,0.998,183,56,5187367.740000001,4772605.079999999
2025-11-01 00:04:57.713,1761980697713,0.001,814292.65,0.999,1504571.92,0.5,0.998,183,55,5186405.0,4779746.119999999
2025-11-01 00:05:25.117,1761980725117,0.001,814292.65,0.999,1504571.92,0.5,0.998,183,56,5186230.0,4780028.879999999
2025-11-01 00:05:34.625,1761980734625,0.001,814292.65,0.999,1504571.92,0.5,0.998,183,56,5186650.92,4780028.879999999
2025-11-01 00:06:01.087,1761980761087,0.001,814292.65,0.999,1503655.17,0.5,0.998,183,56,5190101.25,4780351.129999999
2025-11-01 00:06:02.969,1761980762969,0.001,814292.65,0.999,1503655.17,0.5,0.998,183,56,5189867.74,4780351.129999999
2025-11-01 00:06:07.677,1761980767677,0.001,814292.65,0.999,1503655.17,0.5,0.998,183,56,5189472.74,4780791.409999999
2025-11-01 00:06:13.694,1761980773694,0.001,814292.65,0.999,1503655.17,0.5,0.998,183,56,5189472.74,4780788.219999999
2025-11-01 00:06:14.959,1761980774959,0.001,814292.65,0.999,1503655.17,0.5,0.998,183,56,5189472.74,4780779.549999999
2025-11-01 00:06:34.492,1761980794492,0.001,814292.65,0.999,1503655.17,0.5,0.998,183,55,5189472.74,4779777.429999999
2025-11-01 00:06:59.915,1761980819915,0.001,814292.65,0.999,1503655.17,0.5,0.998,184,55,5190766.68,4777922.419999999
2025-11-01 00:07:01.460,1761980821460,0.001,814292.65,0.999,1503655.17,0.5,0.998,184,55,5190716.68,4777901.419999999
2025-11-01 00:07:12.298,1761980832298,0.001,814292.65,0.999,1504733.67,0.5,0.998,183,55,5190572.96,4779059.919999999
2025-11-01 00:07:14.830,1761980834830,0.001,814292.65,0.999,1504733.67,0.5,0.998,183,56,5190258.5,4780929.289999999
2025-11-01 00:07:21.611,1761980841611,0.001,814292.65,0.999,1504733.67,0.5,0.998,183,56,5189980.48,4780699.409999999
2025-11-01 00:08:12.673,1761980892673,0.001,814292.65,0.999,1504733.67,0.5,0.998,183,56,5189408.180000001,4778541.509999999
2025-11-01 00:08:17.053,1761980897053,0.001,814292.65,0.999,1504733.67,0.5,0.998,183,56,5189508.180000001,4778931.939999999
2025-11-01 00:08:52.158,1761980932158,0.001,814292.65,0.999,1504733.67,0.5,0.998,183,56,5185978.130000001,4777017.219999998
2025-11-01 00:08:59.731,1761980939731,0.001,814292.65,0.999,1504733.67,0.5,0.998,184,55,5186339.070000001,4776858.159999998
2025-11-01 00:10:18.605,1761981018605,0.001,814292.65,0.999,1504764.67,0.5,0.998,183,55,5187253.2299999995,4831985.739999998
2025-11-01 00:10:25.658,1761981025658,0.001,814292.65,0.999,1504764.67,0.5,0.998,183,55,5187259.82,4833818.7299999995
2025-11-01 00:10:37.903,1761981037903,0.001,814292.65,0.999,1504764.67,0.5,0.998,183,55,5184947.180000001,4826720.199999998
2025-11-01 00:10:47.789,1761981047789,0.001,814292.65,0.999,1504764.67,0.5,0.998,183,54,5187672.72,4781126.739999998
2025-11-01 00:10:48.994,1761981048994,0.001,814292.65,0.999,1504764.67,0.5,0.998,183,54,5187446.68,4781126.739999998
2025-11-01 00:10:57.304,1761981057304,0.001,814292.65,0.999,1504764.67,0.5,0.998,183,55,5185881.91,4781226.409999999
2025-11-01 00:10:59.904,1761981059904,0.001,814292.65,0.999,1504764.67,0.5,0.998,183,55,5185455.36,4781231.409999999
2025-11-01 00:11:42.055,1761981102055,0.001,814292.65,0.999,1504764.67,0.5,0.998,183,55,5185575.36,4781661.819999999
2025-11-01 00:11:58.646,1761981118646,0.001,814292.65,0.999,1504764.67,0.5,0.998,183,56,5185327.69,4782738.519999999
2025-11-01 00:12:06.049,1761981126049,0.001,814292.65,0.999,1504764.67,0.5,0.998,183,56,5188109.110000001,4782738.519999999
2025-11-01 00:12:10.682,1761981130682,0.001,814292.65,0.999,1504764.67,0.5,0.998,183,56,5188109.110000001,4782735.329999998
2025-11-01 00:12:20.612,1761981140612,0.001,814292.65,0.999,1504764.67,0.5,0.998,183,56,5187709.110000001,4782720.419999999
2025-11-01 00:12:46.666,1761981166666,0.001,814292.65,0.999,1504764.67,0.5,0.998,183,56,5188106.110000001,4782485.959999999
2025-11-01 00:13:51.923,1761981231923,0.001,814292.65,0.999,1504764.67,0.5,0.998,184,56,5189289.240000001,4782827.029999999
2025-11-01 00:14:03.859,1761981243859,0.001,814292.65,0.999,1504764.67,0.5,0.998,184,56,5188872.240000001,4782823.839999999
2025-11-01 00:14:22.522,1761981262522,0.001,814292.65,0.999,1504764.67,0.5,0.998,184,56,5192933.7,4783501.569999998
2025-11-01 00:14:35.790,1761981275790,0.001,814292.65,0.999,1504764.67,0.5,0.998,184,56,5192804.84,4783501.569999998
2025-11-01 00:15:01.628,1761981301628,0.001,814292.65,0.999,1504764.67,0.5,0.998,184,56,5192804.84,4783267.809999999
2025-11-01 00:15:12.510,1761981312510,0.001,814292.65,0.999,1504764.67,0.5,0.998,184,56,5188144.1899999995,4776056.749999998
2025-11-01 00:15:23.982,1761981323982,0.001,814292.65,0.999,1504764.67,0.5,0.998,185,55,5192414.66,4773125.109999999
2025-11-01 00:15:35.816,1761981335816,0.001,814292.65,0.999,1504764.67,0.5,0.998,185,55,5189933.639999999,4766757.519999999
2025-11-01 00:15:40.400,1761981340400,0.001,814292.65,0.999,1504764.67,0.5,0.998,185,56,5181944.659999999,4811823.02
2025-11-01 00:15:47.808,1761981347808,0.001,814292.65,0.999,1504764.67,0.5,0.998,185,56,5192882.599999999,4824758.41
2025-11-01 00:15:59.158,1761981359158,0.001,814292.65,0.999,1504764.67,0.5,0.998,185,56,5191937.459999998,4824599.149999999
2025-11-01 00:16:06.245,1761981366245,0.001,814292.65,0.999,1504764.67,0.5,0.998,185,55,5191773.689999999,4823572.4799999995
2025-11-01 00:16:25.505,1761981385505,0.001,814292.65,0.999,1504764.67,0.5,0.998,185,55,5191765.709999999,4823572.4799999995
2025-11-01 00:16:45.628,1761981405628,0.001,814292.65,0.999,1504764.67,0.5,0.998,185,55,5201448.929999999,4831727.839999999
2025-11-01 00:16:45.922,1761981405922,0.001,814292.65,0.999,1504764.67,0.5,0.998,185,55,5201448.929999999,4831092.239999999
2025-11-01 00:16:49.331,1761981409331,0.001,814292.65,0.999,1504764.67,0.5,0.998,185,55,5201548.929999999,4830986.299999999
2025-11-01 00:17:12.276,1761981432276,0.001,814292.65,0.999,1504764.67,0.5,0.998,185,55,5198790.269999999,4830997.209999999
2025-11-01 00:17:18.288,1761981438288,0.001,814292.65,0.999,1504764.67,0.5,0.998,185,55,5198790.269999999,4830754.619999999
2025-11-01 00:17:19.267,1761981439267,0.001,814292.65,0.999,1504764.67,0.5,0.998,185,55,5198790.269999999,4830515.209999999
2025-11-01 00:17:20.839,1761981440839,0.001,814292.65,0.999,1504764.67,0.5,0.998,185,55,5198790.269999999,4830263.089999999
2025-11-01 00:17:30.744,1761981450744,0.001,814292.65,0.999,1504764.67,0.5,0.998,185,55,5198373.469999999,4830049.1
2025-11-01 00:17:41.682,1761981461682,0.001,814292.65,0.999,1504764.67,0.5,0.998,185,55,5198373.469999999,4829804.389999999
2025-11-01 00:17:43.536,1761981463536,0.001,814292.65,0.999,1504764.67,0.5,0.998,185,54,5198373.469999999,4829801.619999999
2025-11-01 00:17:53.298,1761981473298,0.001,814292.65,0.999,1504764.67,0.5,0.998,186,54,5203656.619999998,4827144.1499999985
2025-11-01 00:17:53.792,1761981473792,0.001,814292.65,0.999,1504764.67,0.5,0.998,186,54,5203646.619999998,4828884.179999999
2025-11-01 00:18:08.442,1761981488442,0.001,814292.65,0.999,1504764.67,0.5,0.998,186,54,5201686.7299999995,4828778.349999999
2025-11-01 00:18:09.347,1761981489347,0.001,814292.65,0.999,1504764.67,0.5,0.998,186,54,5201468.899999999,4828778.349999999
2025-11-01 00:18:17.870,1761981497870,0.001,814292.65,0.999,1504764.67,0.5,0.998,186,54,5203768.899999999,4828312.739999998
2025-11-01 00:18:23.985,1761981503985,0.001,814292.65,0.999,1504764.67,0.5,0.998,186,54,5203768.899999999,4828216.119999998
2025-11-01 00:18:50.447,1761981530447,0.001,814292.65,0.999,1504764.67,0.5,0.998,186,54,5203964.41,4828290.619999999
2025-11-01 00:18:52.879,1761981532879,0.001,814292.65,0.999,1504764.67,0.5,0.998,186,54,5203964.41,4828287.439999999
2025-11-01 00:18:55.728,1761981535728,0.001,814292.65,0.999,1504764.67,0.5,0.998,186,54,5203260.12,4828287.439999999
2025-11-01 00:18:58.591,1761981538591,0.001,814292.65,0.999,1504764.67,0.5,0.998,186,54,5202908.01,4828287.439999999
2025-11-01 00:19:01.064,1761981541064,0.001,814292.65,0.999,1504764.67,0.5,0.998,186,54,5202752.43,4828287.439999999
2025-11-01 00:19:01.472,1761981541472,0.001,814292.65,0.999,1504764.67,0.5,0.998,186,54,5202613.03,4828287.439999999
2025-11-01 00:19:01.844,1761981541844,0.001,814292.65,0.999,1504764.67,0.5,0.998,186,54,5202368.33,4828287.439999999
2025-11-01 00:19:07.600,1761981547600,0.001,814292.65,0.999,1504764.67,0.5,0.998,186,54,5201054.35,4828287.439999999
2025-11-01 00:19:25.012,1761981565012,0.001,814292.65,0.999,1504764.67,0.5,0.998,186,54,5200889.49,4828343.16
2025-11-01 00:19:33.897,1761981573897,0.001,814292.65,0.999,1504764.67,0.5,0.998,185,54,5200761.63,4828343.16
2025-11-01 00:19:54.787,1761981594787,0.001,814292.65,0.999,1504764.67,0.5,0.998,185,54,5201825.32,4828808.81
2025-11-01 00:19:57.436,1761981597436,0.001,814292.65,0.999,1504764.67,0.5,0.998,185,54,5201792.46,4818567.779999999
2025-11-01 00:20:07.706,1761981607706,0.001,814292.65,0.999,1504764.67,0.5,0.998,182,55,5197373.46,4829376.499999999
2025-11-01 00:20:13.586,1761981613586,0.001,814292.65,0.999,1504764.67,0.5,0.998,182,55,5197705.409999999,4828357.85
2025-11-01 00:20:31.395,1761981631395,0.001,814292.65,0.999,1504764.67,0.5,0.998,182,54,5198210.409999999,4827897.8
2025-11-01 00:20:52.767,1761981652767,0.001,814292.65,0.999,1504764.67,0.5,0.998,182,54,5196048.9399999995,4823040.68
2025-11-01 00:21:04.993,1761981664993,0.001,814292.65,0.999,1504764.67,0.5,0.998,182,54,5200025.199999998,4828471.629999999
2025-11-01 00:21:11.025,1761981671025,0.001,814292.65,0.999,1504764.67,0.5,0.998,182,54,5200033.169999998,4828810.170000001
2025-11-01 00:21:13.360,1761981673360,0.001,814292.65,0.999,1504764.67,0.5,0.998,182,54,5199933.179999999,4828806.99
2025-11-01 00:21:32.026,1761981692026,0.001,814292.65,0.999,1504764.67,0.5,0.998,182,54,5199782.299999999,4833596.99
2025-11-01 00:21:35.333,1761981695333,0.001,814292.65,0.999,1504764.67,0.5,0.998,182,54,5199782.299999999,4833594.87
2025-11-01 00:21:37.695,1761981697695,0.001,814292.65,0.999,1504764.67,0.5,0.998,182,54,5199782.299999999,4826684.94
2025-11-01 00:21:38.066,1761981698066,0.001,814292.65,0.999,1504764.67,0.5,0.998,182,54,5199782.299999999,4826679.640000001
2025-11-01 00:22:06.417,1761981726417,0.001,814292.65,0.999,1504764.67,0.5,0.998,181,54,5190378.6,4824473.23
2025-11-01 00:22:10.228,1761981730228,0.001,814292.65,0.999,1504764.67,0.5,0.998,181,54,5198339.479999999,4833334.340000001
2025-11-01 00:22:39.632,1761981759632,0.001,814292.65,0.999,1504764.67,0.5,0.998,183,54,5209604.479999999,4833090.090000001
2025-11-01 00:22:52.200,1761981772200,0.001,814292.65,0.999,1504764.67,0.5,0.998,183,54,5209604.479999999,4833085.850000001
2025-11-01 00:22:54.578,1761981774578,0.001,814292.65,0.999,1504764.67,0.5,0.998,183,54,5209604.479999999,4833275.260000001
2025-11-01 00:23:17.521,1761981797521,0.001,814292.65,0.999,1504764.67,0.5,0.998,184,54,5209648.6,4832089.9
2025-11-01 00:23:17.554,1761981797554,0.001,814292.65,0.999,1504764.67,0.5,0.998,184,54,5209648.6,4831970.66
2025-11-01 00:23:46.709,1761981826709,0.001,814292.65,0.999,1504764.67,0.5,0.998,183,55,5209643.6,4827285.890000001
2025-11-01 00:24:58.899,1761981898899,0.001,814292.65,0.999,1504764.67,0.5,0.998,184,55,5202669.179999999,4827653.639999999
2025-11-01 00:24:59.248,1761981899248,0.001,814292.65,0.999,1504764.67,0.5,0.998,184,54,5202669.179999999,4827400.719999999
2025-11-01 00:25:00.760,1761981900760,0.001,814292.65,0.999,1504764.67,0.5,0.998,184,54,5202709.619999999,4826326.68
2025-11-01 00:25:11.911,1761981911911,0.001,814292.65,0.999,1504764.67,0.5,0.998,184,54,5207630.489999997,4827512.540000001
2025-11-01 00:25:19.439,1761981919439,0.001,814292.65,0.999,1504764.67,0.5,0.998,184,54,5205841.739999998,4827512.540000001
2025-11-01 00:25:36.430,1761981936430,0.001,814292.65,0.999,1504764.67,0.5,0.998,184,54,5205941.739999998,4827544.86
2025-11-01 00:26:03.902,1761981963902,0.001,814292.65,0.999,1504764.67,0.5,0.998,184,54,5204727.859999999,4826453.510000001
2025-11-01 00:26:29.537,1761981989537,0.001,814292.65,0.999,1504764.67,0.5,0.998,184,55,5206053.859999999,4827146.510000001
2025-11-01 00:26:47.779,1761982007779,0.001,814292.65,0.999,1504764.67,0.5,0.998,184,55,5206006.769999999,4827467.539999999
2025-11-01 00:27:07.747,1761982027747,0.001,814292.65,0.999,1504764.67,0.5,0.998,184,55,5205103.689999999,4819978.92
2025-11-01 00:27:21.705,1761982041705,0.001,814292.65,0.999,1504764.67,0.5,0.998,184,55,5201965.669999999,4815358.570000001
2025-11-01 00:27:23.778,1761982043778,0.001,814292.65,0.999,1504764.67,0.5,0.998,184,55,5201965.669999999,4815114.920000001
2025-11-01 00:27:46.328,1761982066328,0.001,814292.65,0.999,1504764.67,0.5,0.998,184,55,5204679.759999999,4820074.78
2025-11-01 00:28:03.184,1761982083184,0.001,814292.65,0.999,1504764.67,0.5,0.998,184,55,5204679.759999999,4820413.61
2025-11-01 00:28:03.198,1761982083198,0.001,814292.65,0.999,1504764.67,0.5,0.998,184,55,5204679.759999999,4820305.0200000005
2025-11-01 00:28:04.694,1761982084694,0.001,814292.65,0.999,1504764.67,0.5,0.998,184,55,5204679.759999999,4820295.0200000005
2025-11-01 00:28:05.694,1761982085694,0.001,814292.65,0.999,1504764.67,0.5,0.998,185,54,5206137.059999999,4819902.32
2025-11-01 00:28:15.894,1761982095894,0.001,814292.65,0.999,1504764.67,0.5,0.998,185,54,5208190.829999999,4817697.14
2025-11-01 00:28:18.189,1761982098189,0.001,814292.65,0.999,1504764.67,0.5,0.998,185,54,5208190.829999999,4817729.46
2025-11-01 00:28:25.669,1761982105669,0.001,814292.65,0.999,1504764.67,0.5,0.998,185,54,5206091.62,4817729.46
2025-11-01 00:28:25.702,1761982105702,0.001,814292.65,0.999,1504764.67,0.5,0.998,185,54,5205983.04,4817729.46
2025-11-01 00:28:47.083,1761982127083,0.001,814292.65,0.999,1504764.67,0.5,0.998,185,54,5206297.8,4817572.9399999995
2025-11-01 00:29:00.101,1761982140101,0.001,814292.65,0.999,1504764.67,0.5,0.998,185,54,5206630.55,4826298.68
2025-11-01 00:29:29.013,1761982169013,0.001,814292.65,0.999,1504764.67,0.5,0.998,185,54,5203432.02,4821212.549999999
2025-11-01 00:29:37.753,1761982177753,0.001,814292.65,0.999,1504764.67,0.5,0.998,185,54,5199775.999999999,4809943.559999999
2025-11-01 00:29:38.303,1761982178303,0.001,814292.65,0.999,1504764.67,0.5,0.998,185,54,5194661.709999999,4820448.769999999
2025-11-01 00:29:46.229,1761982186229,0.001,814292.65,0.999,1504764.67,0.5,0.998,185,54,5201914.589999999,4826415.199999998
2025-11-01 00:29:46.463,1761982186463,0.001,814292.65,0.999,1504764.67,0.5,0.998,185,54,5201672.329999999,4826415.199999998
2025-11-01 00:30:00.896,1761982200896,0.001,814292.65,0.999,1504764.67,0.5,0.998,185,54,5205370.329999999,4826391.539999999
2025-11-01 00:30:27.858,1761982227858,0.001,814292.65,0.999,1504764.67,0.5,0.998,185,54,5205703.079999999,4826065.509999999
2025-11-01 00:30:56.752,1761982256752,0.001,814292.65,0.999,1504764.67,0.5,0.998,185,54,5205749.079999999,4826062.329999999
2025-11-01 00:31:21.537,1761982281537,0.001,814292.65,0.999,1504764.67,0.5,0.998,185,54,5206677.089999999,4826042.329999999
2025-11-01 00:31:21.662,1761982281662,0.001,814292.65,0.999,1504764.67,0.5,0.998,185,54,5206677.089999999,4825800.309999999
2025-11-01 00:31:24.128,1761982284128,0.001,814292.65,0.999,1504764.67,0.5,0.998,185,54,5206677.089999999,4825291.539999999
2025-11-01 00:31:30.995,1761982290995,0.001,814292.65,0.999,1504764.67,0.5,0.998,185,54,5206447.019999999,4825291.539999999
2025-11-01 00:32:21.841,1761982341841,0.001,814292.65,0.999,1504764.67,0.5,0.998,185,54,5213776.439999999,4826591.589999999
2025-11-01 00:32:30.116,1761982350116,0.001,814292.65,0.999,1504764.67,0.5,0.998,185,54,5213776.439999999,4826570.009999999
2025-11-01 00:33:26.352,1761982406352,0.001,814292.65,0.999,1504764.67,0.5,0.998,185,54,5213776.439999999,5228421.059999999
2025-11-01 00:33:27.309,1761982407309,0.001,814292.65,0.999,1504764.67,0.5,0.998,185,54,5213523.519999999,5228421.059999999
2025-11-01 00:33:31.752,1761982411752,0.001,814292.65,0.999,1504764.67,0.5,0.998,185,54,5213289.769999999,5428421.059999999
2025-11-01 00:33:34.885,1761982414885,0.001,814292.65,0.999,1504764.67,0.5,0.998,185,54,5213289.769999999,5428399.889999999
2025-11-01 00:33:52.584,1761982432584,0.001,814292.65,0.999,1504764.67,0.5,0.998,185,54,5213244.069999998,5472159.889999999
2025-11-01 00:34:00.641,1761982440641,0.001,814292.65,0.999,1504764.67,0.5,0.998,185,54,5213244.069999998,5471920.729999999
2025-11-01 00:34:10.587,1761982450587,0.001,814292.65,0.999,1504764.67,0.5,0.998,185,54,5210087.549999999,5466681.639999999
2025-11-01 00:34:20.291,1761982460291,0.001,814292.65,0.999,1504764.67,0.5,0.998,185,54,5209543.669999999,5470315.52
2025-11-01 00:35:29.880,1761982529880,0.001,814292.65,0.999,1504764.67,0.5,0.998,185,54,5209543.669999999,5471393.209999999
2025-11-01 00:35:51.010,1761982551010,0.001,814292.65,0.999,1504764.67,0.5,0.998,185,54,5211801.899999999,5471393.209999999
2025-11-01 00:35:54.323,1761982554323,0.001,814292.65,0.999,1504764.67,0.5,0.998,185,54,5211801.899999999,5471387.909999999
2025-11-01 00:35:55.420,1761982555420,0.001,814292.65,0.999,1504764.67,0.5,0.998,185,54,5211801.899999999,5471059.859999999
2025-11-01 00:35:58.833,1761982558833,0.001,814292.65,0.999,1504764.67,0.5,0.998,185,54,5211801.899999999,5467992.149999999
2025-11-01 00:36:00.144,1761982560144,0.001,814292.65,0.999,1504764.67,0.5,0.998,185,54,5211801.899999999,5467991.09
2025-11-01 00:36:00.356,1761982560356,0.001,814292.65,0.999,1504764.67,0.5,0.998,185,54,5211801.899999999,5467988.97
2025-11-01 00:36:07.072,1761982567072,0.001,814292.65,0.999,1504764.67,0.5,0.998,185,54,5208734.199999999,5468048.97
2025-11-01 00:36:28.234,1761982588234,0.001,814292.65,0.999,1504764.67,0.5,0.998,185,54,5208934.199999999,5467828.869999999
2025-11-01 00:36:31.293,1761982591293,0.001,814292.65,0.999,1504764.67,0.5,0.998,185,54,5208994.199999999,5467755.199999999
2025-11-01 00:36:44.992,1761982604992,0.001,814292.65,0.999,1504764.67,0.5,0.998,185,54,5205828.079999999,5462264.239999998
2025-11-01 00:36:45.849,1761982605849,0.001,814292.65,0.999,1504764.67,0.5,0.998,185,54,5205828.079999999,5461791.7299999995
2025-11-01 00:36:48.796,1761982608796,0.001,814292.65,0.999,1504764.67,0.5,0.998,185,54,5210726.9,5467034.4799999995
2025-11-01 00:37:00.832,1761982620832,0.001,814292.65,0.999,1504764.67,0.5,0.998,185,53,5208763.99,5466792.809999999
2025-11-01 00:37:16.560,1761982636560,0.001,814292.65,0.999,1504764.67,0.5,0.998,185,53,5208533.06,5468126.519999999
2025-11-01 00:37:31.647,1761982651647,0.001,814292.65,0.999,1504764.67,0.5,0.998,185,54,5210256.819999999,5470000.849999999
2025-11-01 00:37:36.737,1761982656737,0.001,814292.65,0.999,1504764.67,0.5,0.998,185,54,5210256.819999999,5469471.739999998
2025-11-01 00:37:44.935,1761982664935,0.001,814292.65,0.999,1504764.67,0.5,0.998,185,54,5208041.67,5469434.989999998
2025-11-01 00:37:59.039,1761982679039,0.001,814292.65,0.999,1504764.67,0.5,0.998,185,54,5207983.67,5470497.869999998
2025-11-01 00:38:03.661,1761982683661,0.001,814292.65,0.999,1504764.67,0.5,0.998,185,54,5208043.67,5470328.069999998
2025-11-01 00:38:09.417,1761982689417,0.001,814292.65,0.999,1504764.67,0.5,0.998,185,54,5208043.67,5470080.439999999
2025-11-01 00:38:11.329,1761982691329,0.001,814292.65,0.999,1504764.67,0.5,0.998,185,54,5208033.67,5470223.509999999
2025-11-01 00:38:18.753,1761982698753,0.001,814292.65,0.999,1504764.67,0.5,0.998,185,54,5208033.67,5471311.379999999
2025-11-01 00:38:18.955,1761982698955,0.001,814292.65,0.999,1504764.67,0.5,0.998,185,54,5208030.1899999995,5471311.379999999
2025-11-01 00:38:48.480,1761982728480,0.001,814292.65,0.999,1504764.67,0.5,0.998,185,54,5208030.1899999995,5470921.189999999
2025-11-01 00:38:53.885,1761982733885,0.001,814292.65,0.999,1504764.67,0.5,0.998,185,54,5207800.27,5471076.9399999995
2025-11-01 00:39:01.390,1761982741390,0.001,814292.65,0.999,1504764.67,0.5,0.998,185,54,5207800.27,5470976.9399999995
2025-11-01 00:39:08.411,1761982748411,0.001,814292.65,0.999,1504764.67,0.5,0.998,185,54,5207481.47,5470976.9399999995
2025-11-01 00:39:14.335,1761982754335,0.001,814292.65,0.999,1504764.67,0.5,0.998,185,54,5207480.33,5470976.9399999995
2025-11-01 00:39:15.900,1761982755900,0.001,814292.65,0.999,1504764.67,0.5,0.998,185,54,5207480.33,5470776.9399999995
2025-11-01 00:39:31.761,1761982771761,0.001,814292.65,0.999,1504764.67,0.5,0.998,185,54,5207301.75,5470776.9399999995
2025-11-01 00:39:40.794,1761982780794,0.001,814292.65,0.999,1504764.67,0.5,0.998,185,54,5207311.75,5470558.709999999
2025-11-01 00:40:00.442,1761982800442,0.001,814292.65,0.999,1504764.67,0.5,0.998,185,55,5207284.649999999,5470565.019999999
2025-11-01 00:40:04.923,1761982804923,0.001,814292.65,0.999,1504764.67,0.5,0.998,185,55,5207053.8,5470565.019999999
2025-11-01 00:40:11.149,1761982811149,0.001,814292.65,0.999,1504764.67,0.5,0.998,185,55,5208103.8,5470593.51
2025-11-01 00:41:07.926,1761982867926,0.001,814292.65,0.999,1504764.67,0.5,0.998,185,55,5200147.779999999,5469961.84
2025-11-01 00:41:48.385,1761982908385,0.001,814292.65,0.999,1504764.67,0.5,0.998,185,55,5200147.779999999,5469715.27
2025-11-01 00:41:53.719,1761982913719,0.001,814292.65,0.999,1504764.67,0.5,0.998,185,55,5200147.779999999,5469614.739999999
2025-11-01 00:42:07.457,1761982927457,0.001,814292.65,0.999,1504764.67,0.5,0.998,185,55,5200147.779999999,5469508.909999999
2025-11-01 00:42:16.073,1761982936073,0.001,814292.65,0.999,1504764.67,0.5,0.998,185,55,5200147.779999999,5469266.58
2025-11-01 00:42:19.938,1761982939938,0.001,814292.65,0.999,1504764.67,0.5,0.998,185,55,5200047.779999999,5469266.58
2025-11-01 00:42:32.151,1761982952151,0.001,814292.65,0.999,1504764.67,0.5,0.998,185,55,5199834.029999999,5471183.22
2025-11-01 00:42:33.031,1761982953031,0.001,814292.65,0.999,1504764.67,0.5,0.998,185,55,5199834.029999999,5471161.659999999
2025-11-01 00:43:17.744,1761982997744,0.001,814292.65,0.999,1504764.67,0.5,0.998,185,55,5199834.029999999,5474354.779999999
2025-11-01 00:43:23.983,1761983003983,0.001,814292.65,0.999,1504764.67,0.5,0.998,185,55,5199525.1,5474354.779999999
2025-11-01 00:43:25.203,1761983005203,0.001,814292.65,0.999,1504764.67,0.5,0.998,185,55,5199275.1,5474354.779999999
2025-11-01 00:43:28.499,1761983008499,0.001,814292.65,0.999,1504764.67,0.5,0.998,185,54,5199275.1,5471332.72
2025-11-01 00:43:34.595,1761983014595,0.001,814292.65,0.999,1504764.67,0.5,0.998,184,54,5196291.34,5469905.53
2025-11-01 00:43:34.679,1761983014679,0.001,814292.65,0.999,1504764.67,0.5,0.998,184,54,5196291.34,5469902.35
2025-11-01 00:44:01.059,1761983041059,0.001,814292.65,0.999,1504764.67,0.5,0.998,185,55,5196223.2299999995,5470482.539999999
2025-11-01 00:44:20.570,1761983060570,0.001,814292.65,0.999,1504764.67,0.5,0.998,185,55,5196281.05,5470422.539999999
2025-11-01 00:44:24.023,1761983064023,0.001,814292.65,0.999,1504764.67,0.5,0.998,185,54,5196281.05,5463868.6
2025-11-01 00:44:29.753,1761983069753,0.001,814292.65,0.999,1504764.67,0.5,0.998,185,54,5196281.05,5463706.05
2025-11-01 00:44:48.948,1761983088948,0.001,814292.65,0.999,1504764.67,0.5,0.998,184,55,5193052.05,5459057.57
2025-11-01 00:45:14.215,1761983114215,0.001,814292.65,0.999,1504764.67,0.5,0.998,184,55,5198877.709999999,5465358.56
2025-11-01 00:45:24.716,1761983124716,0.001,814292.65,0.999,1504764.67,0.5,0.998,184,54,5196906.8,5466094.43
2025-11-01 00:45:57.316,1761983157316,0.001,814292.65,0.999,1504764.67,0.5,0.998,184,55,5196632.779999999,5456865.859999999
2025-11-01 00:46:04.401,1761983164401,0.001,814292.65,0.999,1504764.67,0.5,0.998,185,54,5196665.93,5466981.1
2025-11-01 00:46:10.487,1761983170487,0.001,814292.65,0.999,1504764.67,0.5,0.998,185,55,5196541.9799999995,5467478.350000001
2025-11-01 00:46:13.492,1761983173492,0.001,814292.65,0.999,1504764.67,0.5,0.998,185,55,5204507.47,5468670.93
2025-11-01 00:46:21.736,1761983181736,0.001,814292.65,0.999,1504764.67,0.5,0.998,185,55,5206478.38,5475028.41
2025-11-01 00:46:35.792,1761983195792,0.001,814292.65,0.999,1504764.67,0.5,0.998,185,55,5204293.959999999,5475341.08
2025-11-01 00:46:39.504,1761983199504,0.001,814292.65,0.999,1504764.67,0.5,0.998,185,55,5204293.959999999,5475244.76
2025-11-01 00:46:55.458,1761983215458,0.001,814292.65,0.999,1504764.67,0.5,0.998,185,55,5204285.34,5475224.76
2025-11-01 00:47:03.792,1761983223792,0.001,814292.65,0.999,1504764.67,0.5,0.998,185,55,5204302.34,5474161.13
2025-11-01 00:47:30.256,1761983250256,0.001,814292.65,0.999,1504764.67,0.5,0.998,184,55,5204562.65,5475086.67
2025-11-01 00:47:57.727,1761983277727,0.001,814292.65,0.999,1504764.67,0.5,0.998,184,55,5204772.65,5474764.13
2025-11-01 00:47:59.952,1761983279952,0.001,814292.65,0.999,1504764.67,0.5,0.998,184,55,5204597.21,5474764.13
2025-11-01 00:48:14.480,1761983294480,0.001,814292.65,0.999,1504764.67,0.5,0.998,184,55,5204597.21,5474716.35
2025-11-01 00:48:22.997,1761983302997,0.001,814292.65,0.999,1504764.67,0.5,0.998,184,55,5204657.21,5474598.08
2025-11-01 00:48:42.139,1761983322139,0.001,814292.65,0.999,1504764.67,0.5,0.998,184,55,5204428.58,5474598.08
2025-11-01 00:48:56.187,1761983336187,0.001,814292.65,0.999,1504764.67,0.5,0.998,184,54,5204428.58,5474532.399999999
2025-11-01 00:48:57.770,1761983337770,0.001,814292.65,0.999,1504764.67,0.5,0.998,184,54,5204428.58,5474532.399999999
2025-11-01 00:49:01.367,1761983341367,0.001,814292.65,0.999,1504764.67,0.5,0.998,185,55,5204507.31,5462034.29
2025-11-01 00:49:18.410,1761983358410,0.001,814292.65,0.999,1504764.67,0.5,0.998,185,54,5204505.75,5472961.82
2025-11-01 00:49:21.234,1761983361234,0.001,814292.65,0.999,1504764.67,0.5,0.998,185,54,5204476.19,5472444.630000001
2025-11-01 00:49:28.991,1761983368991,0.001,814292.65,0.999,1504764.67,0.5,0.998,185,54,5204448.11,5465999.22
2025-11-01 00:49:29.690,1761983369690,0.001,814292.65,0.999,1504764.67,0.5,0.998,184,55,5204388.11,5466139.22
2025-11-01 00:49:37.731,1761983377731,0.001,814292.65,0.999,1504764.67,0.5,0.998,184,55,5204075.66,5467362.859999999
2025-11-01 00:49:40.075,1761983380075,0.001,814292.65,0.999,1504764.67,0.5,0.998,184,55,5203970.39,5467362.859999999
2025-11-01 00:49:42.953,1761983382953,0.001,814292.65,0.999,1504764.67,0.5,0.998,184,55,5203420.39,5467405.97
2025-11-01 00:49:48.616,1761983388616,0.001,814292.65,0.999,1504764.67,0.5,0.998,185,54,5205408.189999999,5467162.859999999
2025-11-01 00:49:57.983,1761983397983,0.001,814292.65,0.999,1504764.67,0.5,0.998,184,55,5200742.64,5461263.99
2025-11-01 00:49:59.360,1761983399360,0.001,814292.65,0.999,1504764.67,0.5,0.998,184,55,5201586.86,5451714.34
2025-11-01 00:50:38.500,1761983438500,0.001,814292.65,0.999,1504764.67,0.5,0.998,182,55,5199755.109999999,5462574.529999999
2025-11-01 00:50:47.867,1761983447867,0.001,814292.65,0.999,1504764.67,0.5,0.998,182,55,5233684.399999999,5462361.02
2025-11-01 00:50:56.030,1761983456030,0.001,814292.65,0.999,1504764.67,0.5,0.998,182,55,5236220.6,5467640.44
2025-11-01 00:51:09.362,1761983469362,0.001,814292.65,0.999,1504764.67,0.5,0.998,182,55,5236236.6,5473758.25
2025-11-01 00:51:13.050,1761983473050,0.001,814292.65,0.999,1504764.67,0.5,0.998,182,55,5235864.84,5473758.25
2025-11-01 00:51:13.534,1761983473534,0.001,814292.65,0.999,1504764.67,0.5,0.998,182,55,5235822.7,5473758.25
2025-11-01 00:51:18.160,1761983478160,0.001,814292.65,0.999,1504764.67,0.5,0.998,182,55,5235822.7,5473712.28
2025-11-01 00:51:35.052,1761983495052,0.001,814292.65,0.999,1504764.67,0.5,0.998,181,54,5234489.7,5472691.88
2025-11-01 00:51:41.863,1761983501863,0.001,814292.65,0.999,1504764.67,0.5,0.998,181,54,5234239.499999999,5472465.72
2025-11-01 00:51:53.338,1761983513338,0.001,814292.65,0.999,1504764.67,0.5,0.998,181,54,5234268.789999999,5472372.12
2025-11-01 00:52:08.765,1761983528765,0.001,814292.65,0.999,1504764.67,0.5,0.998,183,54,5235601.9399999995,5469266.499999999
2025-11-01 00:52:16.021,1761983536021,0.001,814292.65,0.999,1504764.67,0.5,0.998,182,54,5232479.2700000005,5469520.03
2025-11-01 00:52:24.058,1761983544058,0.001,814292.65,0.999,1504764.67,0.5,0.998,182,54,5232562.09,5470117.899999999
2025-11-01 00:52:32.768,1761983552768,0.001,814292.65,0.999,1504764.67,0.5,0.998,183,54,5234238.079999999,5470117.899999999
2025-11-01 00:53:09.218,1761983589218,0.001,814292.65,0.999,1504764.67,0.5,0.998,185,54,5229948.539999999,5463660.289999999
2025-11-01 00:53:26.697,1761983606697,0.001,814292.65,0.999,1504764.67,0.5,0.998,185,54,5230248.549999999,5463847.079999999
2025-11-01 00:53:38.133,1761983618133,0.001,814292.65,0.999,1504764.67,0.5,0.998,184,54,5230045.999999999,5463847.079999999
2025-11-01 00:53:53.031,1761983633031,0.001,814292.65,0.999,1504764.67,0.5,0.998,184,54,5230007.389999999,5464735.409999999
2025-11-01 00:53:57.290,1761983637290,0.001,814292.65,0.999,1504764.67,0.5,0.998,184,55,5224716.379999999,5470155.699999999
2025-11-01 00:54:01.395,1761983641395,0.001,814292.65,0.999,1504764.67,0.5,0.998,184,55,5234795.189999999,5469072.39
2025-11-01 00:54:09.573,1761983649573,0.001,814292.65,0.999,1504764.67,0.5,0.998,184,55,5234795.189999999,5468957.369999999
2025-11-01 00:54:33.896,1761983673896,0.001,814292.65,0.999,1504764.67,0.5,0.998,185,55,5236637.309999999,5468337.35
2025-11-01 00:54:48.701,1761983688701,0.001,814292.65,0.999,1504764.67,0.5,0.998,184,55,5235057.869999999,5468268.459999999
2025-11-01 00:54:53.829,1761983693829,0.001,814292.65,0.999,1504764.67,0.5,0.998,184,54,5235057.869999999,5467337.169999999
2025-11-01 00:54:56.468,1761983696468,0.001,814292.65,0.999,1504764.67,0.5,0.998,184,54,5235057.869999999,5467283.739999999
2025-11-01 00:54:57.445,1761983697445,0.001,814292.65,0.999,1504764.67,0.5,0.998,184,54,5226786.049999999,5466165.949999999
2025-11-01 00:55:10.003,1761983710003,0.001,814292.65,0.999,1504764.67,0.5,0.998,185,54,5236403.069999998,5471136.049999998
2025-11-01 00:55:40.074,1761983740074,0.001,814292.65,0.999,1504764.67,0.5,0.998,186,54,5240054.049999999,5467194.219999999
2025-11-01 00:56:21.228,1761983781228,0.001,814292.65,0.999,1504764.67,0.5,0.998,186,53,5240852.899999999,5466716.260000001
2025-11-01 00:56:30.709,1761983790709,0.001,814292.65,0.999,1504764.67,0.5,0.998,186,53,5240888.199999999,5466093.200000001
2025-11-01 00:56:31.519,1761983791519,0.001,814292.65,0.999,1504764.67,0.5,0.998,186,53,5240888.199999999,5466092.1400000015
2025-11-01 00:56:38.358,1761983798358,0.001,814292.65,0.999,1504764.67,0.5,0.998,186,54,5241089.459999999,5465476.130000001
2025-11-01 00:57:16.382,1761983836382,0.001,814292.65,0.999,1504764.67,0.5,0.998,186,53,5241207.889999999,5466469.82
2025-11-01 00:57:41.353,1761983861353,0.001,814292.65,0.999,1504764.67,0.5,0.998,186,53,5241241.809999999,5466163.130000001
2025-11-01 00:58:12.646,1761983892646,0.001,814292.65,0.999,1504764.67,0.5,0.998,187,53,5241300.209999998,5465265.4
2025-11-01 00:58:33.273,1761983913273,0.001,814292.65,0.999,1504764.67,0.5,0.998,187,53,5241800.209999999,5465214.850000001
2025-11-01 00:59:06.920,1761983946920,0.001,814292.65,0.999,1504764.67,0.5,0.998,186,54,5241512.749999999,5413563.9399999995
2025-11-01 00:59:24.741,1761983964741,0.001,814292.65,0.999,1504764.67,0.5,0.998,186,54,5224456.33,5405466.939999999
2025-11-01 00:59:53.399,1761983993399,0.001,814292.65,0.999,1504764.67,0.5,0.998,186,54,5232206.34,5467005.42
2025-11-01 01:00:18.694,1761984018694,0.001,814292.65,0.999,1504764.67,0.5,0.998,186,54,5232223.34,5466971.5
2025-11-01 01:00:19.268,1761984019268,0.001,814292.65,0.999,1504764.67,0.5,0.998,186,54,5232223.34,5466870.05
2025-11-01 01:00:33.263,1761984033263,0.001,814292.65,0.999,1504764.67,0.5,0.998,186,54,5232223.34,5466849.9399999995
2025-11-01 01:00:38.342,1761984038342,0.001,814292.65,0.999,1504764.67,0.5,0.998,186,54,5232077.88,5466849.9399999995
2025-11-01 01:00:44.105,1761984044105,0.001,814292.65,0.999,1504764.67,0.5,0.998,186,54,5232077.88,5466747.58
2025-11-01 01:00:46.910,1761984046910,0.001,814292.65,0.999,1504764.67,0.5,0.998,186,54,5232077.88,5466746.52
2025-11-01 01:01:13.351,1761984073351,0.001,814292.65,0.999,1504764.67,0.5,0.998,186,54,5231910.6,5466746.52
2025-11-01 01:01:22.691,1761984082691,0.001,814292.65,0.999,1504764.67,0.5,0.998,186,54,5228283.59,5460495.21
2025-11-01 01:01:24.861,1761984084861,0.001,814292.65,0.999,1504764.67,0.5,0.998,186,54,5228283.59,5460389.84
2025-11-01 01:02:03.849,1761984123849,0.001,814292.65,0.999,1504764.67,0.5,0.998,186,54,5231846.6,5466491.45
2025-11-01 01:02:07.120,1761984127120,0.001,814292.65,0.999,1504764.67,0.5,0.998,186,54,5231843.2299999995,5466511.45
2025-11-01 01:02:09.452,1761984129452,0.001,814292.65,0.999,1504764.67,0.5,0.998,186,54,5231843.2299999995,5466490.3
2025-11-01 01:02:15.473,1761984135473,0.001,814292.65,0.999,1504764.67,0.5,0.998,186,53,5231843.2299999995,5466404.26
2025-11-01 01:02:45.906,1761984165906,0.001,814292.65,0.999,1504764.67,0.5,0.998,187,53,5232614.559999999,5465463.359999999
2025-11-01 01:03:11.397,1761984191397,0.001,814292.65,0.999,1504764.67,0.5,0.998,187,53,5234584.559999999,5465412.240000001
2025-11-01 01:03:15.398,1761984195398,0.001,814292.65,0.999,1504764.67,0.5,0.998,187,53,5234584.559999999,5462284.890000001
2025-11-01 01:03:20.485,1761984200485,0.001,814292.65,0.999,1504764.67,0.5,0.998,185,53,5231457.219999999,5462284.890000001
2025-11-01 01:03:28.450,1761984208450,0.001,814292.65,0.999,1504764.67,0.5,0.998,185,53,5250799.02,5411517.23
2025-11-01 01:03:36.817,1761984216817,0.001,814292.65,0.999,1504764.67,0.5,0.998,186,53,5252818.579999999,5411256.430000001
2025-11-01 01:03:46.883,1761984226883,0.001,814292.65,0.999,1504764.67,0.5,0.998,185,54,5250677.239999999,5409769.26
2025-11-01 01:04:14.160,1761984254160,0.001,814292.65,0.999,1504764.67,0.5,0.998,186,54,5247376.2,5459075.739999999
2025-11-01 01:04:16.070,1761984256070,0.001,814292.65,0.999,1504764.67,0.5,0.998,186,54,5245966.35,5447832.03
2025-11-01 01:04:44.487,1761984284487,0.001,814292.65,0.999,1504764.67,0.5,0.998,186,53,5247404.0,5458502.199999999
2025-11-01 01:04:50.822,1761984290822,0.001,814292.65,0.999,1504764.67,0.5,0.998,186,52,5247404.0,5451794.199999999
2025-11-01 01:04:54.628,1761984294628,0.001,814292.65,0.999,1504764.67,0.5,0.998,186,52,5247639.3,5459287.41
2025-11-01 01:05:08.071,1761984308071,0.001,814292.65,0.999,1504764.67,0.5,0.998,186,53,5251010.05,5463221.539999999
2025-11-01 01:05:09.389,1761984309389,0.001,814292.65,0.999,1504764.67,0.5,0.998,186,53,5250000.049999999,5463124.64
2025-11-01 01:05:13.884,1761984313884,0.001,814292.65,0.999,1504764.67,0.5,0.998,186,52,5251010.049999999,5463083.7299999995
2025-11-01 01:05:24.277,1761984324277,0.001,814292.65,0.999,1504764.67,0.5,0.998,186,53,5252981.069999999,5463220.819999999
2025-11-01 01:05:28.837,1761984328837,0.001,814292.65,0.999,1504764.67,0.5,0.998,186,53,5252644.149999999,5463220.819999999
2025-11-01 01:05:30.450,1761984330450,0.001,814292.65,0.999,1504764.67,0.5,0.998,186,53,5251457.639999999,5463020.819999999
2025-11-01 01:05:31.411,1761984331411,0.001,814292.65,0.999,1504764.67,0.5,0.998,186,52,5250967.639999999,5459243.93
2025-11-01 01:05:31.538,1761984331538,0.001,814292.65,0.999,1504764.67,0.5,0.998,186,52,5252467.639999999,5447688.779999999
2025-11-01 01:05:39.090,1761984339090,0.001,814292.65,0.999,1504764.67,0.5,0.998,185,52,5252323.349999999,5458537.54
2025-11-01 01:05:53.655,1761984353655,0.001,814292.65,0.999,1504764.67,0.5,0.998,187,52,5252794.719999999,5458808.210000001
2025-11-01 01:05:58.016,1761984358016,0.001,814292.65,0.999,1504764.67,0.5,0.998,186,52,5253061.919999999,5458818.210000001
2025-11-01 01:05:58.551,1761984358551,0.001,814292.65,0.999,1504764.67,0.5,0.998,186,52,5252891.289999998,5459869.210000001
2025-11-01 01:05:58.777,1761984358777,0.001,814292.65,0.999,1504764.67,0.5,0.998,185,52,5252414.729999999,5459869.210000001
2025-11-01 01:06:01.709,1761984361709,0.001,814292.65,0.999,1504764.67,0.5,0.998,186,53,5248950.719999999,5459857.2
2025-11-01 01:06:07.967,1761984367967,0.001,814292.65,0.999,1504764.67,0.5,0.998,186,53,5250333.829999999,5461036.58
2025-11-01 01:06:26.307,1761984386307,0.001,814292.65,0.999,1504764.67,0.5,0.998,186,52,5250277.029999999,5409562.43
2025-11-01 01:06:31.640,1761984391640,0.001,814292.65,0.999,1504764.67,0.5,0.998,186,52,5250337.329999999,5408829.09
2025-11-01 01:06:32.892,1761984392892,0.001,814292.65,0.999,1504764.67,0.5,0.998,186,53,5250310.449999999,5409672.449999998
2025-11-01 01:06:32.984,1761984392984,0.001,814292.65,0.999,1504764.67,0.5,0.998,186,53,5250243.659999999,5409672.449999998
2025-11-01 01:06:36.422,1761984396422,0.001,814292.65,0.999,1504764.67,0.5,0.998,186,52,5250185.789999999,5410061.609999999
2025-11-01 01:06:39.056,1761984399056,0.001,814292.65,0.999,1504764.67,0.5,0.998,185,52,5250188.819999999,5404624.8
2025-11-01 01:06:41.639,1761984401639,0.001,814292.65,0.999,1504764.67,0.5,0.998,185,52,5247928.59,5408914.419999999
2025-11-01 01:07:00.958,1761984420958,0.001,814292.65,0.999,1504764.67,0.5,0.998,185,54,5248919.63,5463014.57
2025-11-01 01:07:58.962,1761984478962,0.001,814292.65,0.999,1504764.67,0.5,0.998,185,53,5242678.01,5457472.21
2025-11-01 01:08:00.247,1761984480247,0.001,814292.65,0.999,1504764.67,0.5,0.998,185,53,5242678.01,5457476.92
2025-11-01 01:08:02.450,1761984482450,0.001,814292.65,0.999,1504764.67,0.5,0.998,185,54,5245975.009999999,5467487.05
2025-11-01 01:08:02.522,1761984482522,0.001,814292.65,0.999,1504764.67,0.5,0.998,185,54,5245726.099999999,5467492.05
2025-11-01 01:08:05.696,1761984485696,0.001,814292.65,0.999,1504764.67,0.5,0.998,185,53,5237486.039999999,5455579.459999999
2025-11-01 01:08:11.572,1761984491572,0.001,814292.65,0.999,1504764.67,0.5,0.998,185,53,5246721.099999999,5461349.26
2025-11-01 01:08:42.320,1761984522320,0.001,814292.65,0.999,1504764.67,0.5,0.998,185,53,5240648.759999999,5453903.56
2025-11-01 01:08:42.383,1761984522383,0.001,814292.65,0.999,1504764.67,0.5,0.998,185,53,5240648.759999999,5453889.56
2025-11-01 01:09:05.981,1761984545981,0.001,814292.65,0.999,1504764.67,0.5,0.998,185,54,5239489.4799999995,5454418.649999999
2025-11-01 01:09:24.139,1761984564139,0.001,814292.65,0.999,1504764.67,0.5,0.998,185,53,5243431.54,5403494.009999999
2025-11-01 01:09:39.443,1761984579443,0.001,814292.65,0.999,1504764.67,0.5,0.998,185,53,5241501.449999999,5400910.79
2025-11-01 01:09:48.366,1761984588366,0.001,814292.65,0.999,1504764.67,0.5,0.998,185,53,5241417.869999999,5400910.79
2025-11-01 01:10:23.787,1761984623787,0.001,814292.65,0.999,1504856.38,0.5,0.998,186,53,5255764.199999999,5407929.109999999
2025-11-01 01:10:29.874,1761984629874,0.001,814292.65,0.999,1504856.38,0.5,0.998,186,53,5255639.179999999,5408639.92
2025-11-01 01:10:42.511,1761984642511,0.001,814292.65,0.999,1504856.38,0.5,0.998,186,53,5256059.999999999,5410669.62
2025-11-01 01:10:54.732,1761984654732,0.001,814292.65,0.999,1504856.38,0.5,0.998,186,53,5256089.179999999,5410657.62
2025-11-01 01:11:30.826,1761984690826,0.001,814292.65,0.999,1504856.38,0.5,0.998,186,53,5255864.449999999,5408692.59
2025-11-01 01:11:31.403,1761984691403,0.001,814292.65,0.999,1504856.38,0.5,0.998,186,53,5255861.239999999,5408692.59
2025-11-01 01:11:49.926,1761984709926,0.001,814292.65,0.999,1504856.38,0.5,0.998,186,53,5259038.159999999,5413732.4399999995
2025-11-01 01:11:58.871,1761984718871,0.001,814292.65,0.999,1504856.38,0.5,0.998,185,54,5258714.919999999,5413819.19
2025-11-01 01:11:59.075,1761984719075,0.001,814292.65,0.999,1504856.38,0.5,0.998,185,54,5258714.919999999,5413790.01
2025-11-01 01:12:05.901,1761984725901,0.001,814292.65,0.999,1504856.38,0.5,0.998,185,54,5258668.619999999,5412329.42
2025-11-01 01:12:19.659,1761984739659,0.001,814292.65,0.999,1504856.38,0.5,0.998,185,53,5258668.619999999,5414134.489999999
2025-11-01 01:12:26.944,1761984746944,0.001,814292.65,0.999,1504856.38,0.5,0.998,186,52,5258737.77,5408369.24
2025-11-01 01:12:27.002,1761984747002,0.001,814292.65,0.999,1504856.38,0.5,0.998,185,53,5258686.6899999995,5408518.16
2025-11-01 01:12:38.689,1761984758689,0.001,814292.65,0.999,1504856.38,0.5,0.998,185,52,5258764.84,5403993.859999999
2025-11-01 01:12:42.192,1761984762192,0.001,814292.65,0.999,1504856.38,0.5,0.998,185,52,5250481.109999999,5395993.859999999
2025-11-01 01:12:52.317,1761984772317,0.001,814292.65,0.999,1504856.38,0.5,0.998,185,52,5258229.47,5403753.26
2025-11-01 01:12:56.746,1761984776746,0.001,814292.65,0.999,1504856.38,0.5,0.998,185,52,5257969.779999999,5403953.26
2025-11-01 01:13:15.914,1761984795914,0.001,814292.65,0.999,1504856.38,0.5,0.998,185,53,5256992.459999999,5407604.58
2025-11-01 01:13:25.667,1761984805667,0.001,814292.65,0.999,1504856.38,0.5,0.998,186,53,5257286.699999999,5411524.58
2025-11-01 01:13:28.677,1761984808677,0.001,814292.65,0.999,1504856.38,0.5,0.998,186,52,5255315.669999999,5411333.3
2025-11-01 01:14:40.799,1761984880799,0.001,814292.65,0.999,1504856.38,0.5,0.998,185,53,5255543.659999999,5408411.189999999
2025-11-01 01:14:50.124,1761984890124,0.001,814292.65,0.999,1504856.38,0.5,0.998,185,53,5255751.659999999,5408111.409999999
2025-11-01 01:14:53.256,1761984893256,0.001,814292.65,0.999,1504856.38,0.5,0.998,185,53,5255705.84,5408171.409999999
2025-11-01 01:15:10.672,1761984910672,0.001,814292.65,0.999,1504856.38,0.5,0.998,184,54,5254913.609999999,5408520.949999998
2025-11-01 01:15:45.748,1761984945748,0.001,814292.65,0.999,1504856.38,0.5,0.998,185,54,5260067.27,5461391.11
2025-11-01 01:15:52.272,1761984952272,0.001,814292.65,0.999,1504856.38,0.5,0.998,185,54,5260067.2700000005,5461345.29
2025-11-01 01:15:56.663,1761984956663,0.001,814292.65,0.999,1504856.38,0.5,0.998,185,54,5260067.2700000005,5461344.2299999995
2025-11-01 01:16:17.307,1761984977307,0.001,814292.65,0.999,1504856.38,0.5,0.998,184,52,5258661.49,5458456.63
2025-11-01 01:16:27.906,1761984987906,0.001,814292.65,0.999,1504856.38,0.5,0.998,184,52,5255471.19,5453255.159999998
2025-11-01 01:16:35.288,1761984995288,0.001,814292.65,0.999,1504856.38,0.5,0.998,184,52,5255654.88,5451277.879999999
2025-11-01 01:16:56.266,1761985016266,0.001,814292.65,0.999,1504856.38,0.5,0.998,184,52,5258685.159999999,5458579.76
2025-11-01 01:17:18.231,1761985038231,0.001,814292.65,0.999,1504856.38,0.5,0.998,185,53,5259237.319999999,5456329.08
2025-11-01 01:17:38.782,1761985058782,0.001,814292.65,0.999,1504856.38,0.5,0.998,185,52,5259237.319999999,5457835.040000001
2025-11-01 01:17:38.996,1761985058996,0.001,814292.65,0.999,1504856.38,0.5,0.998,185,52,5259237.319999999,5457552.210000001
2025-11-01 01:17:42.180,1761985062180,0.001,814292.65,0.999,1504856.38,0.5,0.998,185,52,5251295.629999999,5449638.84
2025-11-01 01:17:42.539,1761985062539,0.001,814292.65,0.999,1504856.38,0.5,0.998,185,52,5259289.339999999,5457638.84
2025-11-01 01:17:48.197,1761985068197,0.001,814292.65,0.999,1504856.38,0.5,0.998,185,52,5259289.339999999,5455527.239999999
2025-11-01 01:17:48.351,1761985068351,0.001,814292.65,0.999,1504856.38,0.5,0.998,185,52,5259289.339999999,5455212.129999999
2025-11-01 01:18:16.906,1761985096906,0.001,814292.65,0.999,1504856.38,0.5,0.998,185,53,5261268.06,5457075.46
2025-11-01 01:19:00.350,1761985140350,0.001,814292.65,0.999,1504856.38,0.5,0.998,185,53,5260914.289999998,5457288.46
2025-11-01 01:19:11.805,1761985151805,0.001,814292.65,0.999,1504856.38,0.5,0.998,185,52,5258955.259999999,5457051.4
2025-11-01 01:19:20.844,1761985160844,0.001,814292.65,0.999,1504856.38,0.5,0.998,185,52,5258511.039999999,5457396.909999999
2025-11-01 01:19:26.792,1761985166792,0.001,814292.65,0.999,1504856.38,0.5,0.998,186,53,5260016.079999999,5457111.4
2025-11-01 01:19:36.042,1761985176042,0.001,814292.65,0.999,1504856.38,0.5,0.998,186,53,5261987.109999999,5457279.46
2025-11-01 01:20:07.035,1761985207035,0.001,814292.65,0.999,1504856.38,0.5,0.998,184,52,5257190.079999999,5457051.4
2025-11-01 01:20:33.887,1761985233887,0.001,814292.65,0.999,1504856.38,0.5,0.998,184,52,5257258.77,5456930.19
2025-11-01 01:20:44.080,1761985244080,0.001,814292.65,0.999,1504856.38,0.5,0.998,184,52,5257090.779999998,5457275.699999999
2025-11-01 01:20:48.418,1761985248418,0.001,814292.65,0.999,1504856.38,0.5,0.998,184,52,5256877.479999999,5457275.699999999
2025-11-01 01:20:56.914,1761985256914,0.001,814292.65,0.999,1504856.38,0.5,0.998,183,52,5255508.42,5453138.419999998
2025-11-01 01:21:03.618,1761985263618,0.001,814292.65,0.999,1504856.38,0.5,0.998,184,53,5256749.509999998,5451941.949999999
2025-11-01 01:21:10.539,1761985270539,0.001,814292.65,0.999,1504856.38,0.5,0.998,184,52,5254815.349999999,5451819.079999999
2025-11-01 01:21:19.673,1761985279673,0.001,814292.65,0.999,1504856.38,0.5,0.998,184,52,5258330.02,5458199.539999998
2025-11-01 01:21:25.168,1761985285168,0.001,814292.65,0.999,1504856.38,0.5,0.998,184,53,5262621.319999999,5462544.399999999
2025-11-01 01:21:42.755,1761985302755,0.001,814292.65,0.999,1504856.38,0.5,0.998,184,53,5259027.869999999,5457250.199999999
2025-11-01 01:21:46.324,1761985306324,0.001,814292.65,0.999,1504856.38,0.5,0.998,184,53,5259027.869999999,5457003.89
2025-11-01 01:22:07.279,1761985327279,0.001,814292.65,0.999,1504856.38,0.5,0.998,184,53,5260035.869999999,5461121.199999999
2025-11-01 01:22:23.873,1761985343873,0.001,814292.65,0.999,1504856.38,0.5,0.998,183,53,5264159.199999999,5466252.089999999
2025-11-01 01:22:59.570,1761985379570,0.001,814292.65,0.999,1504856.38,0.5,0.998,184,52,5265211.819999999,5465930.279999999
2025-11-01 01:23:02.976,1761985382976,0.001,814292.65,0.999,1504856.38,0.5,0.998,184,52,5264413.919999999,5465385.75
2025-11-01 01:23:06.725,1761985386725,0.001,814292.65,0.999,1504856.38,0.5,0.998,184,52,5264436.359999999,5465137.29
2025-11-01 01:23:10.589,1761985390589,0.001,814292.65,0.999,1504856.38,0.5,0.998,184,52,5264436.359999999,5464867.46
2025-11-01 01:23:14.377,1761985394377,0.001,814292.65,0.999,1504856.38,0.5,0.998,184,53,5266370.38,5465413.619999999
2025-11-01 01:23:17.935,1761985397935,0.001,814292.65,0.999,1504856.38,0.5,0.998,184,52,5264399.35,5465411.989999999
2025-11-01 01:23:20.566,1761985400566,0.001,814292.65,0.999,1504856.38,0.5,0.998,184,52,5264436.359999999,5464618.88
2025-11-01 01:23:25.163,1761985405163,0.001,814292.65,0.999,1504856.38,0.5,0.998,184,52,5264436.359999999,5464359.68
2025-11-01 01:23:57.545,1761985437545,0.001,814292.65,0.999,1504856.38,0.5,0.998,184,52,5257776.329999999,5457640.090000001
2025-11-01 01:24:01.725,1761985441725,0.001,814292.65,0.999,1504856.38,0.5,0.998,185,52,5265543.829999999,5459189.250000001
2025-11-01 01:24:05.050,1761985445050,0.001,814292.65,0.999,1504856.38,0.5,0.998,184,53,5265516.839999999,5459408.570000001
2025-11-01 01:24:17.742,1761985457742,0.001,814292.65,0.999,1504856.38,0.5,0.998,185,53,5266134.589999999,5460718.93
2025-11-01 01:24:21.960,1761985461960,0.001,814292.65,0.999,1504856.38,0.5,0.998,185,53,5266134.589999999,5461649.01
2025-11-01 01:24:35.872,1761985475872,0.001,814292.65,0.999,1504856.38,0.5,0.998,185,53,5267965.619999998,5461649.01
2025-11-01 01:24:46.517,1761985486517,0.001,814292.65,0.999,1504856.38,0.5,0.998,185,53,5265994.589999999,5461485.01
2025-11-01 01:25:14.293,1761985514293,0.001,814292.65,0.999,1504856.38,0.5,0.998,185,53,5266080.589999999,5463685.02
2025-11-01 01:25:16.907,1761985516907,0.001,814292.65,0.999,1504856.38,0.5,0.998,185,52,5266080.589999999,5463443.55
2025-11-01 01:25:39.457,1761985539457,0.001,814292.65,0.999,1504856.38,0.5,0.998,186,52,5267427.599999999,5463001.99
2025-11-01 01:25:50.018,1761985550018,0.001,814292.65,0.999,1504856.38,0.5,0.998,186,52,5267427.599999999,5461701.68
2025-11-01 01:25:52.427,1761985552427,0.001,814292.65,0.999,1504856.38,0.5,0.998,186,52,5267427.209999999,5462922.59
2025-11-01 01:26:08.094,1761985568094,0.001,814292.65,0.999,1504856.38,0.5,0.998,186,52,5264579.129999999,5462176.75
2025-11-01 01:26:09.609,1761985569609,0.001,814292.65,0.999,1504856.38,0.5,0.998,186,52,5264424.709999999,5462727.59
2025-11-01 01:26:10.429,1761985570429,0.001,814292.65,0.999,1504856.38,0.5,0.998,186,52,5264426.259999999,5462520.73
2025-11-01 01:26:12.749,1761985572749,0.001,814292.65,0.999,1504856.38,0.5,0.998,186,52,5263991.159999999,5462920.73
2025-11-01 01:26:15.189,1761985575189,0.001,814292.65,0.999,1504856.38,0.5,0.998,186,52,5263991.159999999,5462504.89
2025-11-01 01:26:15.741,1761985575741,0.001,814292.65,0.999,1504856.38,0.5,0.998,186,52,5263991.159999999,5462806.03
2025-11-01 01:26:31.256,1761985591256,0.001,814292.65,0.999,1504856.38,0.5,0.998,186,52,5263991.159999999,5462602.48
2025-11-01 01:26:31.454,1761985591454,0.001,814292.65,0.999,1504856.38,0.5,0.998,186,52,5263984.309999999,5462802.48
2025-11-01 01:26:35.790,1761985595790,0.001,814292.65,0.999,1504856.38,0.5,0.998,187,52,5265720.729999999,5463612.110000001
2025-11-01 01:26:36.174,1761985596174,0.001,814292.65,0.999,1504856.38,0.5,0.998,187,52,5265603.299999999,5463812.110000001
2025-11-01 01:26:37.225,1761985597225,0.001,814292.65,0.999,1504856.38,0.5,0.998,187,52,5264810.299999999,5463612.110000001
2025-11-01 01:26:42.154,1761985602154,0.001,814292.65,0.999,1504856.38,0.5,0.998,187,52,5263810.299999999,5457910.910000001
2025-11-01 01:26:43.283,1761985603283,0.001,814292.65,0.999,1504856.38,0.5,0.998,187,52,5263273.299999999,5458110.910000001
2025-11-01 01:26:47.147,1761985607147,0.001,814292.65,0.999,1504856.38,0.5,0.998,187,52,5263804.729999999,5457648.03
2025-11-01 01:26:49.441,1761985609441,0.001,814292.65,0.999,1504856.38,0.5,0.998,187,52,5264578.729999999,5457648.03
2025-11-01 01:26:55.685,1761985615685,0.001,814292.65,0.999,1504856.38,0.5,0.998,187,52,5262192.729999999,5456612.460000001
2025-11-01 01:26:58.222,1761985618222,0.001,814292.65,0.999,1504856.38,0.5,0.998,187,52,5262072.729999999,5455236.630000001
2025-11-01 01:26:59.277,1761985619277,0.001,814292.65,0.999,1504856.38,0.5,0.998,187,52,5262087.719999999,5455824.58
2025-11-01 01:27:02.000,1761985622000,0.001,814292.65,0.999,1504856.38,0.5,0.998,187,52,5261928.719999999,5455829.58
2025-11-01 01:27:08.561,1761985628561,0.001,814292.65,0.999,1504856.38,0.5,0.998,187,52,5258912.389999999,5398802.36
2025-11-01 01:27:14.704,1761985634704,0.001,814292.65,0.999,1504856.38,0.5,0.998,187,52,5258699.389999999,5398120.52
2025-11-01 01:27:19.724,1761985639724,0.001,814292.65,0.999,1504856.38,0.5,0.998,187,52,5262397.739999998,5402829.5200000005
2025-11-01 01:27:20.873,1761985640873,0.001,814292.65,0.999,1504856.38,0.5,0.998,187,52,5262353.739999998,5402629.5200000005
2025-11-01 01:27:21.141,1761985641141,0.001,814292.65,0.999,1504856.38,0.5,0.998,187,52,5262198.569999998,5402442.680000001
2025-11-01 01:27:24.577,1761985644577,0.001,814292.65,0.999,1504856.38,0.5,0.998,186,53,5265100.229999999,5402798.77
2025-11-01 01:27:26.875,1761985646875,0.001,814292.65,0.999,1504856.38,0.5,0.998,186,53,5262077.319999998,5403083.02
2025-11-01 01:27:59.744,1761985679744,0.001,814292.65,0.999,1504856.38,0.5,0.998,186,52,5262086.319999998,5456314.83
2025-11-01 01:28:14.724,1761985694724,0.001,814292.65,0.999,1504856.38,0.5,0.998,186,52,5262091.319999998,5461365.52
2025-11-01 01:28:28.321,1761985708321,0.001,814292.65,0.999,1504856.38,0.5,0.998,186,52,5265011.199999998,5460270.15
2025-11-01 01:28:36.172,1761985716172,0.001,814292.65,0.999,1504856.38,0.5,0.998,186,52,5264978.329999998,5460081.73
2025-11-01 01:29:06.684,1761985746684,0.001,814292.65,0.999,1504856.38,0.5,0.998,186,53,5264934.759999999,5471432.549999999
2025-11-01 01:29:12.565,1761985752565,0.001,814292.65,0.999,1504856.38,0.5,0.998,186,53,5264941.759999999,5471410.35
2025-11-01 01:29:48.074,1761985788074,0.001,814292.65,0.999,1504856.38,0.5,0.998,186,53,5264409.019999999,5471370.929999999
2025-11-01 01:29:53.373,1761985793373,0.001,814292.65,0.999,1504856.38,0.5,0.998,186,52,5264409.019999999,5471292.579999999
2025-11-01 01:30:04.264,1761985804264,0.001,814292.65,0.999,1504856.38,0.5,0.998,186,53,5264296.349999999,5471302.579999999
2025-11-01 01:30:16.187,1761985816187,0.001,814292.65,0.999,1504856.38,0.5,0.998,187,52,5264402.019999999,5471292.579999999
2025-11-01 01:30:18.779,1761985818779,0.001,814292.65,0.999,1504856.38,0.5,0.998,187,52,5264471.8999999985,5469990.499999999
2025-11-01 01:30:29.473,1761985829473,0.001,814292.65,0.999,1504856.38,0.5,0.998,187,52,5264465.199999998,5469474.069999999
2025-11-01 01:30:35.604,1761985835604,0.001,814292.65,0.999,1504856.38,0.5,0.998,186,53,5264351.239999998,5469900.76
2025-11-01 01:30:50.635,1761985850635,0.001,814292.65,0.999,1504856.38,0.5,0.998,186,53,5266252.389999999,5462022.569999999
2025-11-01 01:30:55.328,1761985855328,0.001,814292.65,0.999,1504856.38,0.5,0.998,186,53,5248051.479999999,5451319.42
2025-11-01 01:30:57.411,1761985857411,0.001,814292.65,0.999,1504856.38,0.5,0.998,186,52,5264281.3599999985,5458263.4399999995
2025-11-01 01:31:01.805,1761985861805,0.001,814292.65,0.999,1504856.38,0.5,0.998,187,52,5264326.819999998,5457659.189999999
2025-11-01 01:31:03.817,1761985863817,0.001,814292.65,0.999,1504856.38,0.5,0.998,186,53,5264313.269999999,5457960.479999999
2025-11-01 01:31:24.097,1761985884097,0.001,814292.65,0.999,1504856.38,0.5,0.998,186,53,5264269.3599999985,5461996.149999999
2025-11-01 01:31:32.521,1761985892521,0.001,814292.65,0.999,1504856.38,0.5,0.998,186,53,5261199.3599999985,5470656.149999999
2025-11-01 01:31:37.348,1761985897348,0.001,814292.65,0.999,1504856.38,0.5,0.998,186,53,5261199.3599999985,5470542.869999999
2025-11-01 01:31:41.159,1761985901159,0.001,814292.65,0.999,1504856.38,0.5,0.998,186,53,5261199.3599999985,5470541.81
2025-11-01 01:31:46.610,1761985906610,0.001,814292.65,0.999,1504856.38,0.5,0.998,186,53,5262362.3599999985,5470521.81
2025-11-01 01:31:47.848,1761985907848,0.001,814292.65,0.999,1504856.38,0.5,0.998,186,53,5262362.3599999985,5470280.4399999995
2025-11-01 01:31:55.064,1761985915064,0.001,814292.65,0.999,1504856.38,0.5,0.998,186,53,5262118.8999999985,5470280.4399999995
2025-11-01 01:32:06.458,1761985926458,0.001,814292.65,0.999,1504856.38,0.5,0.998,186,53,5262142.879999998,5469948.869999999
2025-11-01 01:32:10.855,1761985930855,0.001,814292.65,0.999,1504856.38,0.5,0.998,186,53,5265092.879999998,5463125.59
2025-11-01 01:32:19.602,1761985939602,0.001,814292.65,0.999,1504856.38,0.5,0.998,186,53,5262487.599999999,5461125.59
2025-11-01 01:32:22.102,1761985942102,0.001,814292.65,0.999,1504856.38,0.5,0.998,186,53,5262487.599999999,5461119.17
2025-11-01 01:32:30.253,1761985950253,0.001,814292.65,0.999,1504856.38,0.5,0.998,186,53,5262487.599999999,5462778.92
2025-11-01 01:32:37.791,1761985957791,0.001,814292.65,0.999,1504856.38,0.5,0.998,186,53,5262237.599999999,5459124.67
2025-11-01 01:32:44.491,1761985964491,0.001,814292.65,0.999,1504856.38,0.5,0.998,186,53,5261071.629999998,5459124.67
2025-11-01 01:32:46.717,1761985966717,0.001,814292.65,0.999,1504856.38,0.5,0.998,186,53,5260550.949999998,5462284.67
2025-11-01 01:32:47.734,1761985967734,0.001,814292.65,0.999,1504856.38,0.5,0.998,186,53,5260550.949999998,5462044.779999999
2025-11-01 01:32:49.293,1761985969293,0.001,814292.65,0.999,1504856.38,0.5,0.998,186,53,5260550.949999998,5461524.1
2025-11-01 01:32:56.698,1761985976698,0.001,814292.65,0.999,1504856.38,0.5,0.998,186,53,5260550.949999998,5461517.749999999
2025-11-01 01:33:00.991,1761985980991,0.001,814292.65,0.999,1504856.38,0.5,0.998,186,53,5260550.949999998,5461392.749999999
2025-11-01 01:33:21.994,1761986001994,0.001,814292.65,0.999,1504856.38,0.5,0.998,186,53,5261884.6099999985,5463392.749999999
2025-11-01 01:33:22.362,1761986002362,0.001,814292.65,0.999,1504856.38,0.5,0.998,186,53,5261759.6099999985,5463392.749999999
2025-11-01 01:33:25.737,1761986005737,0.001,814292.65,0.999,1504856.38,0.5,0.998,186,53,5260813.059999999,5464392.749999999
2025-11-01 01:33:26.650,1761986006650,0.001,814292.65,0.999,1504856.38,0.5,0.998,186,53,5260532.8999999985,5464392.749999999
2025-11-01 01:33:29.088,1761986009088,0.001,814292.65,0.999,1504856.38,0.5,0.998,186,53,5260752.8999999985,5463842.59
2025-11-01 01:33:34.226,1761986014226,0.001,814292.65,0.999,1504856.38,0.5,0.998,186,53,5260652.8999999985,5463601.949999999
2025-11-01 01:33:36.366,1761986016366,0.001,814292.65,0.999,1504856.38,0.5,0.998,186,53,5260652.8999999985,5463595.67
2025-11-01 01:33:41.892,1761986021892,0.001,814292.65,0.999,1504856.38,0.5,0.998,186,53,5260411.429999999,5463595.67
2025-11-01 01:33:56.483,1761986036483,0.001,814292.65,0.999,1504856.38,0.5,0.998,186,53,5260300.1499999985,5465018.2299999995
2025-11-01 01:33:58.261,1761986038261,0.001,814292.65,0.999,1504856.38,0.5,0.998,186,53,5260293.879999998,5465018.2299999995
2025-11-01 01:34:15.629,1761986055629,0.001,814292.65,0.999,1504856.38,0.5,0.998,186,53,5260293.879999998,5464972.64
2025-11-01 01:34:40.843,1761986080843,0.001,814292.65,0.999,1504856.38,0.5,0.998,186,53,5263457.739999998,5459663.219999999
2025-11-01 01:34:47.596,1761986087596,0.001,814292.65,0.999,1504856.38,0.5,0.998,186,53,5260757.739999998,5464420.379999999
2025-11-01 01:34:51.121,1761986091121,0.001,814292.65,0.999,1504856.38,0.5,0.998,186,53,5260613.229999999,5464500.379999999
2025-11-01 01:35:37.302,1761986137302,0.001,814292.65,0.999,1504856.38,0.5,0.998,186,53,5260355.239999998,5464505.379999999
2025-11-01 01:35:52.990,1761986152990,0.001,814292.65,0.999,1504856.38,0.5,0.998,186,53,5259473.939999999,5464527.169999999
2025-11-01 01:36:11.554,1761986171554,0.001,814292.65,0.999,1504856.38,0.5,0.998,186,53,5262683.939999999,5464416.179999999
2025-11-01 01:36:18.570,1761986178570,0.001,814292.65,0.999,1504856.38,0.5,0.998,186,53,5262953.939999999,5474215.329999999
2025-11-01 01:36:26.873,1761986186873,0.001,814292.65,0.999,1504856.38,0.5,0.998,186,53,5262924.939999999,5477973.47
2025-11-01 01:36:32.713,1761986192713,0.001,814292.65,0.999,1504856.38,0.5,0.998,186,53,5262904.939999999,5479867.47
2025-11-01 01:36:48.179,1761986208179,0.001,814292.65,0.999,1504856.38,0.5,0.998,186,53,5262904.939999999,5479855.84
2025-11-01 01:36:49.920,1761986209920,0.001,814292.65,0.999,1504856.38,0.5,0.998,186,53,5262904.939999999,5479620.93
2025-11-01 01:37:17.197,1761986237197,0.001,814292.65,0.999,1504856.38,0.5,0.998,186,53,5259954.939999999,5486262.14
2025-11-01 01:37:30.321,1761986250321,0.001,814292.65,0.999,1504856.38,0.5,0.998,186,53,5259953.8999999985,5487822.1899999995
2025-11-01 01:37:36.264,1761986256264,0.001,814292.65,0.999,1504856.38,0.5,0.998,186,53,5254953.8999999985,5487658.869999999
2025-11-01 01:37:38.697,1761986258697,0.001,814292.65,0.999,1504856.38,0.5,0.998,186,53,5254926.869999999,5487658.869999999
2025-11-01 01:37:46.121,1761986266121,0.001,814292.65,0.999,1504856.38,0.5,0.998,185,53,5251006.799999999,5487376.97
2025-11-01 01:37:47.018,1761986267018,0.001,814292.65,0.999,1504856.38,0.5,0.998,185,53,5251006.799999999,5487141.88
2025-11-01 01:37:57.323,1761986277323,0.001,814292.65,0.999,1504856.38,0.5,0.998,185,53,5251006.799999999,5486907.01
2025-11-01 01:38:06.269,1761986286269,0.001,814292.65,0.999,1504856.38,0.5,0.998,185,53,5243265.369999998,5485292.01
2025-11-01 01:38:10.472,1761986290472,0.001,814292.65,0.999,1504856.38,0.5,0.998,185,53,5245842.679999999,5485021.9
2025-11-01 01:38:17.358,1761986297358,0.001,814292.65,0.999,1504856.38,0.5,0.998,185,53,5253481.299999999,5485667.069999999
2025-11-01 01:38:25.110,1761986305110,0.001,814292.65,0.999,1504856.38,0.5,0.998,185,53,5253586.659999998,5485667.069999999
2025-11-01 01:38:42.851,1761986322851,0.001,814292.65,0.999,1504856.38,0.5,0.998,185,53,5253536.659999998,5485556.02
2025-11-01 01:38:56.749,1761986336749,0.001,814292.65,0.999,1504856.38,0.5,0.998,185,53,5253536.659999998,5485527.4799999995
2025-11-01 01:39:02.548,1761986342548,0.001,814292.65,0.999,1504856.38,0.5,0.998,185,53,5253521.679999999,5485231.659999999
2025-11-01 01:39:12.090,1761986352090,0.001,814292.65,0.999,1504856.38,0.5,0.998,185,53,5253521.679999999,5484131.819999999
2025-11-01 01:39:23.241,1761986363241,0.001,814292.65,0.999,1504856.38,0.5,0.998,185,53,5253521.679999999,5485165.08
2025-11-01 01:39:24.606,1761986364606,0.001,814292.65,0.999,1504856.38,0.5,0.998,186,52,5253607.229999999,5484250.63
2025-11-01 01:39:29.257,1761986369257,0.001,814292.65,0.999,1504856.38,0.5,0.998,186,52,5253749.1099999985,5482985.26
2025-11-01 01:39:35.191,1761986375191,0.001,814292.65,0.999,1504856.38,0.5,0.998,186,52,5253629.1099999985,5479985.26
2025-11-01 01:39:36.849,1761986376849,0.001,814292.65,0.999,1504856.38,0.5,0.998,186,52,5253629.1099999985,5479959.909999999
2025-11-01 01:40:01.938,1761986401938,0.001,814292.65,0.999,1504856.38,0.5,0.998,186,52,5253702.589999999,5496485.38
2025-11-01 01:40:03.281,1761986403281,0.001,814292.65,0.999,1504856.38,0.5,0.998,186,52,5253685.589999999,5496285.38
2025-11-01 01:40:03.408,1761986403408,0.001,814292.65,0.999,1504856.38,0.5,0.998,186,52,5253668.609999999,5496285.38
2025-11-01 01:40:05.798,1761986405798,0.001,814292.65,0.999,1504856.38,0.5,0.998,185,52,5245654.409999999,5496285.38
2025-11-01 01:40:16.162,1761986416162,0.001,814292.65,0.999,1504856.38,0.5,0.998,186,52,5244085.909999999,5499508.0
2025-11-01 01:40:18.633,1761986418633,0.001,814292.65,0.999,1504856.38,0.5,0.998,186,52,5257403.6899999995,5500135.380000001
2025-11-01 01:40:25.032,1761986425032,0.001,814292.65,0.999,1504856.38,0.5,0.998,186,52,5257205.6899999995,5496795.380000001
2025-11-01 01:40:31.109,1761986431109,0.001,814292.65,0.999,1504856.38,0.5,0.998,186,52,5257171.6899999995,5498766.41
2025-11-01 01:40:37.360,1761986437360,0.001,814292.65,0.999,1504856.38,0.5,0.998,186,52,5257248.6899999995,5496795.38
2025-11-01 01:40:43.600,1761986443600,0.001,814292.65,0.999,1504856.38,0.5,0.998,186,52,5257132.6899999995,5496995.38
2025-11-01 01:41:00.035,1761986460035,0.001,814292.65,0.999,1504856.38,0.5,0.998,186,52,5255565.01,5497040.9799999995
2025-11-01 01:41:05.852,1761986465852,0.001,814292.65,0.999,1504856.38,0.5,0.998,186,52,5255557.01,5497047.9799999995
2025-11-01 01:41:11.952,1761986471952,0.001,814292.65,0.999,1504856.38,0.5,0.998,186,52,5255992.01,5497047.98
2025-11-01 01:41:18.006,1761986478006,0.001,814292.65,0.999,1504856.38,0.5,0.998,186,52,5255762.54,5496847.98
2025-11-01 01:41:24.405,1761986484405,0.001,814292.65,0.999,1504856.38,0.5,0.998,186,52,5255718.52,5441016.36
2025-11-01 01:42:04.869,1761986524869,0.001,814292.65,0.999,1504856.38,0.5,0.998,186,52,5255691.949999999,5503072.6899999995
2025-11-01 01:42:12.523,1761986532523,0.001,814292.65,0.999,1504856.38,0.5,0.998,185,53,5255541.789999999,5503737.06
2025-11-01 01:42:14.815,1761986534815,0.001,814292.65,0.999,1504856.38,0.5,0.998,185,53,5254553.179999999,5504888.619999999
2025-11-01 01:42:27.401,1761986547401,0.001,814292.65,0.999,1504856.38,0.5,0.998,185,53,5254546.219999999,5504866.409999998
2025-11-01 01:42:51.122,1761986571122,0.001,814292.65,0.999,1504856.38,0.5,0.998,185,53,5254536.219999999,5504822.449999999
2025-11-01 01:42:54.971,1761986574971,0.001,814292.65,0.999,1504856.38,0.5,0.998,185,52,5254569.489999998,5504281.719999999
2025-11-01 01:43:08.499,1761986588499,0.001,814292.65,0.999,1505356.38,0.5,0.998,185,52,5254540.1499999985,5504969.869999999
2025-11-01 01:43:09.884,1761986589884,0.001,814292.65,0.999,1505356.38,0.5,0.998,185,52,5254574.489999998,5503978.289999999
2025-11-01 01:43:10.293,1761986590293,0.001,814292.65,0.999,1505356.38,0.5,0.998,185,52,5254574.489999998,5504003.569999999
2025-11-01 01:43:25.338,1761986605338,0.001,814292.65,0.999,1505356.38,0.5,0.998,185,52,5254574.489999998,5503768.89
2025-11-01 01:43:25.762,1761986605762,0.001,814292.65,0.999,1505356.38,0.5,0.998,185,52,5254574.489999998,5503507.289999999
2025-11-01 01:43:46.147,1761986626147,0.001,814292.65,0.999,1505356.38,0.5,0.998,185,52,5251331.469999999,5498265.97
2025-11-01 01:43:54.283,1761986634283,0.001,814292.65,0.999,1505356.38,0.5,0.998,185,52,5254547.229999999,5503306.719999999
2025-11-01 01:43:59.582,1761986639582,0.001,814292.65,0.999,1505356.38,0.5,0.998,185,52,5254551.229999999,5503053.859999999
2025-11-01 01:44:05.784,1761986645784,0.001,814292.65,0.999,1505356.38,0.5,0.998,186,52,5254589.679999999,5502253.92
2025-11-01 01:44:21.807,1761986661807,0.001,814292.65,0.999,1505356.38,0.5,0.998,186,52,5254589.679999999,5501995.279999999
2025-11-01 01:44:29.667,1761986669667,0.001,814292.65,0.999,1505356.38,0.5,0.998,186,52,5254389.679999999,5501983.659999999
2025-11-01 01:44:42.119,1761986682119,0.001,814292.65,0.999,1505356.38,0.5,0.998,186,52,5254389.679999999,5501980.489999999
2025-11-01 01:45:29.672,1761986729672,0.001,814292.65,0.999,1505356.38,0.5,0.998,185,52,5254286.479999999,5449114.9
2025-11-01 01:45:40.894,1761986740894,0.001,814292.65,0.999,1505356.38,0.5,0.998,185,52,5254271.019999999,5451768.109999999
2025-11-01 01:45:43.969,1761986743969,0.001,814292.65,0.999,1505356.38,0.5,0.998,185,53,5256217.709999999,5450397.279999999
2025-11-01 01:46:20.814,1761986780814,0.001,814292.65,0.999,1505356.38,0.5,0.998,185,52,5254247.739999999,5503004.47
2025-11-01 01:46:50.370,1761986810370,0.001,814292.65,0.999,1505356.38,0.5,0.998,185,52,5274379.26,5503213.890000001
2025-11-01 01:46:52.492,1761986812492,0.001,814292.65,0.999,1505356.38,0.5,0.998,185,52,5273966.43,5503213.890000001
2025-11-01 01:46:58.502,1761986818502,0.001,814292.65,0.999,1505356.38,0.5,0.998,185,52,5273966.43,5503387.66
2025-11-01 01:47:19.962,1761986839962,0.001,814292.65,0.999,1505356.38,0.5,0.998,185,53,5274475.1099999985,5502684.72
2025-11-01 01:48:03.288,1761986883288,0.001,814292.65,0.999,1505356.38,0.5,0.998,185,53,5274350.099999999,5504897.58
2025-11-01 01:48:14.047,1761986894047,0.001,814292.65,0.999,1505356.38,0.5,0.998,185,53,5276319.029999998,5504697.58
2025-11-01 01:48:23.928,1761986903928,0.001,814292.65,0.999,1505356.38,0.5,0.998,185,53,5276316.029999998,5504697.58
2025-11-01 01:48:30.871,1761986910871,0.001,814292.65,0.999,1505356.38,0.5,0.998,185,53,5276054.429999998,5504897.569999999
2025-11-01 01:48:54.852,1761986934852,0.001,814292.65,0.999,1505356.38,0.5,0.998,186,52,5274311.3999999985,5505296.579999999
2025-11-01 01:49:19.844,1761986959844,0.001,814292.65,0.999,1505356.38,0.5,0.998,186,52,5274140.93,5504323.12
2025-11-01 01:49:59.650,1761986999650,0.001,814292.65,0.999,1505356.38,0.5,0.998,185,52,5273853.209999999,5451470.529999999
2025-11-01 01:50:07.211,1761987007211,0.001,814292.65,0.999,1505356.38,0.5,0.998,183,52,5270821.359999999,5502879.779999999
2025-11-01 01:50:21.449,1761987021449,0.001,814292.65,0.999,1505356.38,0.5,0.998,183,52,5270506.6899999995,5502331.119999999
2025-11-01 01:50:25.897,1761987025897,0.001,814292.65,0.999,1505356.38,0.5,0.998,183,52,5270474.72,5502708.699999999
2025-11-01 01:50:26.371,1761987026371,0.001,814292.65,0.999,1505356.38,0.5,0.998,183,52,5269963.46,5502708.699999999
2025-11-01 01:50:29.074,1761987029074,0.001,814292.65,0.999,1505356.38,0.5,0.998,183,52,5269963.46,5502197.439999999
2025-11-01 01:50:29.337,1761987029337,0.001,814292.65,0.999,1505356.38,0.5,0.998,183,52,5269963.46,5502846.8599999985
2025-11-01 01:50:33.139,1761987033139,0.001,814292.65,0.999,1505356.38,0.5,0.998,183,52,5269962.1,5502190.039999999
2025-11-01 01:50:53.755,1761987053755,0.001,814292.65,0.999,1505356.38,0.5,0.998,183,52,5266742.069999999,5497180.939999999
2025-11-01 01:51:10.294,1761987070294,0.001,814292.65,0.999,1505356.38,0.5,0.998,183,52,5271898.969999999,5502871.37
2025-11-01 01:51:14.235,1761987074235,0.001,814292.65,0.999,1505356.38,0.5,0.998,183,52,5271675.37,5502367.449999999
2025-11-01 01:51:26.855,1761987086855,0.001,814292.65,0.999,1505356.38,0.5,0.998,183,52,5271435.479999999,5502367.449999999
2025-11-01 01:51:35.625,1761987095625,0.001,814292.65,0.999,1505356.38,0.5,0.998,183,52,5269464.409999999,5500367.449999999
2025-11-01 01:51:49.285,1761987109285,0.001,814292.65,0.999,1505356.38,0.5,0.998,183,52,5269453.9799999995,5502652.3
2025-11-01 01:52:29.929,1761987149929,0.001,814292.65,0.999,1505356.38,0.5,0.998,183,52,5273438.089999999,5502962.55
2025-11-01 01:52:31.603,1761987151603,0.001,814292.65,0.999,1505356.38,0.5,0.998,183,52,5273474.01,5501894.989999999
2025-11-01 01:52:33.352,1761987153352,0.001,814292.65,0.999,1505356.38,0.5,0.998,183,53,5273438.089999999,5502311.899999999
2025-11-01 01:52:35.198,1761987155198,0.001,814292.65,0.999,1505356.38,0.5,0.998,184,53,5273664.159999999,5501816.66
2025-11-01 01:52:53.614,1761987173614,0.001,814292.65,0.999,1505356.38,0.5,0.998,185,52,5274039.089999999,5501741.59
2025-11-01 01:53:11.886,1761987191886,0.001,814292.65,0.999,1505356.38,0.5,0.998,185,52,5272144.909999999,5500554.999999999
2025-11-01 01:53:40.944,1761987220944,0.001,814292.65,0.999,1505356.38,0.5,0.998,184,52,5271896.14,5501598.419999999
2025-11-01 01:54:08.101,1761987248101,0.001,814292.65,0.999,1505356.38,0.5,0.998,184,53,5271810.249999999,5502884.839999999
2025-11-01 01:54:09.929,1761987249929,0.001,814292.65,0.999,1505356.38,0.5,0.998,184,53,5271684.509999999,5502884.839999999
2025-11-01 01:54:23.849,1761987263849,0.001,814292.65,0.999,1505356.38,0.5,0.998,185,53,5272317.6499999985,5502884.839999998
2025-11-01 01:54:35.136,1761987275136,0.001,814292.65,0.999,1505356.38,0.5,0.998,185,53,5272082.709999999,5502884.839999998
2025-11-01 01:54:41.642,1761987281642,0.001,814292.65,0.999,1505356.38,0.5,0.998,185,53,5271800.819999998,5502844.239999998
2025-11-01 01:54:42.693,1761987282693,0.001,814292.65,0.999,1505356.38,0.5,0.998,185,53,5271542.189999999,5502844.239999998
2025-11-01 01:54:45.215,1761987285215,0.001,814292.65,0.999,1505356.38,0.5,0.998,185,53,5271542.189999999,5502843.179999999
2025-11-01 01:55:01.626,1761987301626,0.001,814292.65,0.999,1505356.38,0.5,0.998,185,52,5273080.189999999,5502526.299999999
2025-11-01 01:55:02.590,1761987302590,0.001,814292.65,0.999,1505356.38,0.5,0.998,185,52,5273116.109999999,5501804.849999998
2025-11-01 01:55:31.014,1761987331014,0.001,814292.65,0.999,1505356.38,0.5,0.998,184,52,5271509.01,5506004.849999998
2025-11-01 01:55:38.036,1761987338036,0.001,814292.65,0.999,1505356.38,0.5,0.998,184,52,5271241.06,5506015.449999997
2025-11-01 01:55:38.635,1761987338635,0.001,814292.65,0.999,1505356.38,0.5,0.998,184,52,5269422.869999999,5506015.449999997
2025-11-01 01:55:51.049,1761987351049,0.001,814292.65,0.999,1505356.38,0.5,0.998,184,52,5269132.06,5505835.449999997
2025-11-01 01:56:01.402,1761987361402,0.001,814292.65,0.999,1505356.38,0.5,0.998,184,52,5269100.139999999,5504232.429999999
2025-11-01 01:56:13.223,1761987373223,0.001,814292.65,0.999,1505356.38,0.5,0.998,185,52,5267045.869999999,5497984.019999999
2025-11-01 01:56:16.190,1761987376190,0.001,814292.65,0.999,1505356.38,0.5,0.998,185,52,5266712.949999999,5498699.169999998
2025-11-01 01:56:18.212,1761987378212,0.001,814292.65,0.999,1505356.38,0.5,0.998,185,52,5264908.079999999,5498699.169999998
2025-11-01 01:56:18.325,1761987378325,0.001,814292.65,0.999,1505356.38,0.5,0.998,185,52,5264664.959999999,5498699.169999998
2025-11-01 01:56:19.031,1761987379031,0.001,814292.65,0.999,1505356.38,0.5,0.998,185,52,5264432.409999999,5498699.169999998
2025-11-01 01:56:53.150,1761987413150,0.001,814292.65,0.999,1505356.38,0.5,0.998,185,52,5267424.009999999,5487804.849999998
2025-11-01 01:57:59.028,1761987479028,0.001,814292.65,0.999,1505356.38,0.5,0.998,186,52,5267463.509999999,5486828.999999998
2025-11-01 01:58:46.493,1761987526493,0.001,814292.65,0.999,1505356.38,0.5,0.998,185,52,5265327.77,5486219.169999998
2025-11-01 01:58:56.778,1761987536778,0.001,814292.65,0.999,1505356.38,0.5,0.998,185,52,5265034.989999999,5487006.249999998
2025-11-01 01:58:57.278,1761987537278,0.001,814292.65,0.999,1505356.38,0.5,0.998,185,52,5264780.749999999,5487006.249999998
2025-11-01 01:59:01.469,1761987541469,0.001,814292.65,0.999,1505356.38,0.5,0.998,185,52,5264540.119999999,5487006.249999998
2025-11-01 01:59:02.367,1761987542367,0.001,814292.65,0.999,1505356.38,0.5,0.998,185,52,5264253.069999999,5487006.249999998
2025-11-01 01:59:05.580,1761987545580,0.001,814292.65,0.999,1505356.38,0.5,0.998,185,52,5263982.829999999,5487006.249999998
2025-11-01 01:59:32.850,1761987572850,0.001,814292.65,0.999,1505356.38,0.5,0.998,185,52,5267202.619999999,5492054.469999998
2025-11-01 02:00:26.796,1761987626796,0.001,814292.65,0.999,1505356.38,0.5,0.998,185,52,5266931.529999999,5492054.469999998
2025-11-01 02:01:21.503,1761987681503,0.001,814292.65,0.999,1505356.38,0.5,0.998,185,52,5263923.79,5492054.469999998
2025-11-01 02:02:01.368,1761987721368,0.001,814292.65,0.999,1505356.38,0.5,0.998,185,52,5263923.79,5491811.589999998
2025-11-01 02:02:01.376,1761987721376,0.001,814292.65,0.999,1505356.38,0.5,0.998,185,52,5263923.79,5491600.389999998
2025-11-01 02:02:01.666,1761987721666,0.001,814292.65,0.999,1505356.38,0.5,0.998,185,52,5263923.79,5491294.149999998
2025-11-01 02:02:03.470,1761987723470,0.001,814292.65,0.999,1505356.38,0.5,0.998,185,52,5263923.79,5490977.359999998
2025-11-01 02:02:05.480,1761987725480,0.001,814292.65,0.999,1505356.38,0.5,0.998,185,52,5263923.79,5490745.039999998
2025-11-01 02:02:10.400,1761987730400,0.001,814292.65,0.999,1505356.38,0.5,0.998,185,52,5272013.79,5490731.309999998
2025-11-01 02:02:36.109,1761987756109,0.001,814292.65,0.999,1505356.38,0.5,0.998,185,52,5269541.37,5497978.249999998
2025-11-01 02:03:11.519,1761987791519,0.001,814292.65,0.999,1505356.38,0.5,0.998,185,52,5271541.37,5497985.079999998
2025-11-01 02:03:22.083,1761987802083,0.001,814292.65,0.999,1505356.38,0.5,0.998,186,52,5271657.34,5497266.759999999
2025-11-01 02:03:35.811,1761987815811,0.001,814292.65,0.999,1505356.38,0.5,0.998,185,52,5271087.52,5497266.759999999
2025-11-01 02:03:44.562,1761987824562,0.001,814292.65,0.999,1505356.38,0.5,0.998,185,52,5270796.359999999,5497991.909999998
2025-11-01 02:03:56.811,1761987836811,0.001,814292.65,0.999,1505356.38,0.5,0.998,185,52,5270559.3,5497991.909999998
2025-11-01 02:03:57.703,1761987837703,0.001,814292.65,0.999,1505356.38,0.5,0.998,185,52,5270559.3,5497781.419999998
2025-11-01 02:04:10.083,1761987850083,0.001,814292.65,0.999,1505356.38,0.5,0.998,185,52,5270571.3,5497675.819999998
2025-11-01 02:04:34.266,1761987874266,0.001,814292.65,0.999,1505356.38,0.5,0.998,185,52,5270254.51,5497575.819999998
2025-11-01 02:04:35.674,1761987875674,0.001,814292.65,0.999,1505356.38,0.5,0.998,185,52,5269948.279999999,5497575.819999998
2025-11-01 02:04:36.403,1761987876403,0.001,814292.65,0.999,1505356.38,0.5,0.998,185,52,5269705.399999999,5497575.819999998
2025-11-01 02:04:38.843,1761987878843,0.001,814292.65,0.999,1505356.38,0.5,0.998,185,52,5269473.08,5497575.819999998
2025-11-01 02:04:40.828,1761987880828,0.001,814292.65,0.999,1505356.38,0.5,0.998,185,52,5269261.88,5497575.819999998
2025-11-01 02:04:49.737,1761987889737,0.001,814292.65,0.999,1505356.38,0.5,0.998,185,52,5268980.64,5501364.129999998
2025-11-01 02:04:50.722,1761987890722,0.001,814292.65,0.999,1505356.38,0.5,0.998,185,52,5268732.1899999995,5501364.129999998
2025-11-01 02:05:00.227,1761987900227,0.001,814292.65,0.999,1505356.38,0.5,0.998,185,53,5268443.699999999,5490580.599999998
2025-11-01 02:05:39.911,1761987939911,0.001,814292.65,0.999,1505356.38,0.5,0.998,185,53,5268395.429999999,5501835.449999999
2025-11-01 02:06:10.219,1761987970219,0.001,814292.65,0.999,1505356.38,0.5,0.998,185,52,5265170.6499999985,5496337.979999999
2025-11-01 02:06:36.522,1761987996522,0.001,814292.65,0.999,1505356.38,0.5,0.998,185,52,5268456.9799999995,5502164.619999997
2025-11-01 02:06:55.296,1761988015296,0.001,814292.65,0.999,1505356.38,0.5,0.998,185,52,5269055.84,5502205.219999997
2025-11-01 02:07:08.300,1761988028300,0.001,814292.65,0.999,1505356.38,0.5,0.998,185,53,5269023.919999999,5503318.959999998
2025-11-01 02:07:22.752,1761988042752,0.001,814292.65,0.999,1505356.38,0.5,0.998,185,53,5269036.799999999,5503158.959999998
2025-11-01 02:07:29.176,1761988049176,0.001,814292.65,0.999,1505356.38,0.5,0.998,185,52,5269036.799999999,5503137.829999998
2025-11-01 02:08:02.709,1761988082709,0.001,814292.65,0.999,1505356.38,0.5,0.998,185,52,5268839.859999999,5501918.759999998
2025-11-01 02:08:09.927,1761988089927,0.001,814292.65,0.999,1505356.38,0.5,0.998,185,52,5268497.22,5502633.909999997
2025-11-01 02:08:16.510,1761988096510,0.001,814292.65,0.999,1505356.38,0.5,0.998,185,52,5268238.35,5502633.909999997
2025-11-01 02:08:21.736,1761988101736,0.001,814292.65,0.999,1505356.38,0.5,0.998,185,52,5267977.619999999,5502633.909999997
2025-11-01 02:08:26.067,1761988106067,0.001,814292.65,0.999,1505356.38,0.5,0.998,185,52,5267682.659999999,5501613.909999997
2025-11-01 02:08:32.092,1761988112092,0.001,814292.65,0.999,1505356.38,0.5,0.998,185,52,5267367.56,5501613.909999997
2025-11-01 02:08:40.293,1761988120293,0.001,814292.65,0.999,1505356.38,0.5,0.998,185,52,5265396.489999999,5499431.679999998
2025-11-01 02:08:40.807,1761988120807,0.001,814292.65,0.999,1505356.38,0.5,0.998,185,52,5265396.489999999,5499129.669999998
2025-11-01 02:08:44.280,1761988124280,0.001,814292.65,0.999,1505356.38,0.5,0.998,185,52,5270716.879999999,5498883.619999998
2025-11-01 02:08:44.383,1761988124383,0.001,814292.65,0.999,1505356.38,0.5,0.998,185,52,5270716.879999999,5498567.879999998
2025-11-01 02:08:45.868,1761988125868,0.001,814292.65,0.999,1505356.38,0.5,0.998,185,52,5270716.879999999,5498334.509999998
2025-11-01 02:09:04.944,1761988144944,0.001,814292.65,0.999,1505356.38,0.5,0.998,186,52,5276073.169999999,5497622.299999999
2025-11-01 02:09:37.202,1761988177202,0.001,814292.65,0.999,1505356.38,0.5,0.998,186,52,5278025.369999999,5499593.499999998
2025-11-01 02:10:03.513,1761988203513,0.001,814292.65,0.999,1505356.38,0.5,0.998,186,52,5281344.369999999,5498345.239999998
2025-11-01 02:10:08.108,1761988208108,0.001,814292.65,0.999,1505356.38,0.5,0.998,186,52,5281344.369999999,5498035.219999999
2025-11-01 02:10:11.685,1761988211685,0.001,814292.65,0.999,1505356.38,0.5,0.998,186,52,5281344.369999999,5497776.889999999
2025-11-01 02:10:15.562,1761988215562,0.001,814292.65,0.999,1505356.38,0.5,0.998,186,52,5281344.369999999,5497516.709999999
2025-11-01 02:10:20.058,1761988220058,0.001,814292.65,0.999,1505356.38,0.5,0.998,186,52,5281344.369999999,5497222.3599999985
2025-11-01 02:10:20.283,1761988220283,0.001,814292.65,0.999,1505356.38,0.5,0.998,186,52,5281344.369999999,5497145.279999998
2025-11-01 02:10:23.624,1761988223624,0.001,814292.65,0.999,1505356.38,0.5,0.998,186,52,5281344.369999999,5443970.249999999
2025-11-01 02:10:29.790,1761988229790,0.001,814292.65,0.999,1505356.38,0.5,0.998,186,52,5281341.119999999,5443970.249999999
2025-11-01 02:11:34.215,1761988294215,0.001,814292.65,0.999,1505356.38,0.5,0.998,186,52,5285610.889999999,5443737.239999999
2025-11-01 02:12:47.490,1761988367490,0.001,814292.65,0.999,1505356.38,0.5,0.998,186,52,5283030.889999999,5447196.959999999
2025-11-01 02:14:35.940,1761988475940,0.001,814292.65,0.999,1505356.38,0.5,0.998,186,52,5283428.329999998,5446399.05
2025-11-01 02:15:38.343,1761988538343,0.001,814292.65,0.999,1505356.38,0.5,0.998,185,52,5284530.329999998,5446383.77
2025-11-01 02:15:57.300,1761988557300,0.001,814292.65,0.999,1505356.38,0.5,0.998,185,52,5284528.329999998,5446383.77
2025-11-01 02:16:19.037,1761988579037,0.001,814292.65,0.999,1505356.38,0.5,0.998,185,52,5284528.329999998,5446382.71
2025-11-01 02:17:32.420,1761988652420,0.001,814292.65,0.999,1505356.38,0.5,0.998,185,52,5294485.989999998,5445581.71
2025-11-01 02:17:39.395,1761988659395,0.001,814292.65,0.999,1505356.38,0.5,0.998,185,52,5294213.629999999,5447314.01
2025-11-01 02:17:39.947,1761988659947,0.001,814292.65,0.999,1505356.38,0.5,0.998,185,52,5293911.629999999,5447314.01
2025-11-01 02:17:40.056,1761988660056,0.001,814292.65,0.999,1505356.38,0.5,0.998,185,52,5293665.589999999,5447314.01
2025-11-01 02:17:47.731,1761988667731,0.001,814292.65,0.999,1505356.38,0.5,0.998,185,52,5293349.8599999985,5447314.01
2025-11-01 02:18:25.830,1761988705830,0.001,814292.65,0.999,1505356.38,0.5,0.998,185,52,5294349.8599999985,5447305.56
2025-11-01 02:19:30.721,1761988770721,0.001,814292.65,0.999,1505356.38,0.5,0.998,185,52,5296238.669999999,5447275.56
2025-11-01 02:19:41.437,1761988781437,0.001,814292.65,0.999,1505356.38,0.5,0.998,185,52,5301538.669999999,5447274.5
2025-11-01 02:19:58.529,1761988798529,0.001,814292.65,0.999,1505356.38,0.5,0.998,185,52,5301882.6099999985,5447274.5
2025-11-01 02:20:22.680,1761988822680,0.001,814292.65,0.999,1505356.38,0.5,0.998,183,52,5298180.68,5447274.5
2025-11-01 02:21:07.667,1761988867667,0.001,814292.65,0.999,1505356.38,0.5,0.998,183,52,5298180.68,5446116.51
2025-11-01 02:21:15.051,1761988875051,0.001,814292.65,0.999,1505356.38,0.5,0.998,183,52,5297866.239999999,5446116.51
2025-11-01 02:21:17.392,1761988877392,0.001,814292.65,0.999,1505356.38,0.5,0.998,183,52,5297866.239999999,5442943.649999999
2025-11-01 02:21:27.229,1761988887229,0.001,814292.65,0.999,1505356.38,0.5,0.998,183,52,5297556.2299999995,5442943.649999999
2025-11-01 02:21:30.808,1761988890808,0.001,814292.65,0.999,1505356.38,0.5,0.998,183,52,5297273.97,5447843.649999999
2025-11-01 02:21:36.186,1761988896186,0.001,814292.65,0.999,1505356.38,0.5,0.998,183,52,5296835.649999999,5447843.649999999
2025-11-01 02:22:14.455,1761988934455,0.001,814292.65,0.999,1505356.38,0.5,0.998,183,52,5297224.649999999,5447576.09
2025-11-01 02:22:58.585,1761988978585,0.001,814292.65,0.999,1505356.38,0.5,0.998,184,52,5299132.6499999985,5447665.35
2025-11-01 02:23:06.959,1761988986959,0.001,814292.65,0.999,1505356.38,0.5,0.998,184,52,5299108.869999998,5447665.35
2025-11-01 02:23:23.414,1761989003414,0.001,814292.65,0.999,1505356.38,0.5,0.998,184,52,5299064.529999998,5447665.35
2025-11-01 02:25:57.959,1761989157959,0.001,814292.65,0.999,1505356.38,0.5,0.998,185,52,5299972.399999999,5449751.35
2025-11-01 02:27:10.788,1761989230788,0.001,814292.65,0.999,1505356.38,0.5,0.998,185,52,5299972.399999999,5449434.56
2025-11-01 02:27:16.915,1761989236915,0.001,814292.65,0.999,1505356.38,0.5,0.998,185,52,5299913.399999999,5449434.56
2025-11-01 02:28:15.074,1761989295074,0.001,814292.65,0.999,1505356.38,0.5,0.998,185,52,5299963.399999999,5448314.56
2025-11-01 02:28:20.438,1761989300438,0.001,814292.65,0.999,1505356.38,0.5,0.998,185,52,5299963.399999999,5448304.56
2025-11-01 02:29:04.229,1761989344229,0.001,814292.65,0.999,1505356.38,0.5,0.998,185,52,5298909.949999998,5448353.399999999
2025-11-01 02:29:18.943,1761989358943,0.001,814292.65,0.999,1505356.38,0.5,0.998,185,52,5298909.949999998,5448128.449999999
2025-11-01 02:29:31.389,1761989371389,0.001,814292.65,0.999,1505356.38,0.5,0.998,185,52,5298844.8599999985,5448128.449999999
2025-11-01 02:29:37.906,1761989377906,0.001,814292.65,0.999,1505356.38,0.5,0.998,185,52,5298208.589999998,5448128.449999999
2025-11-01 02:31:15.698,1761989475698,0.001,814292.65,0.999,1505356.38,0.5,0.998,185,52,5300289.459999998,5448828.449999999
2025-11-01 02:32:07.743,1761989527743,0.001,814292.65,0.999,1505356.38,0.5,0.998,186,52,5301615.409999998,5441347.47
2025-11-01 02:32:51.598,1761989571598,0.001,814292.65,0.999,1505356.38,0.5,0.998,186,52,5301815.409999998,5441545.35
2025-11-01 02:33:34.584,1761989614584,0.001,814292.65,0.999,1505356.38,0.5,0.998,186,52,5301769.229999999,5441545.35
2025-11-01 02:35:15.069,1761989715069,0.001,814292.65,0.999,1505356.38,0.5,0.998,186,52,5301944.279999998,5444657.43
2025-11-01 02:35:27.831,1761989727831,0.001,814292.65,0.999,1505356.38,0.5,0.998,186,52,5301321.039999998,5444657.43
2025-11-01 02:35:50.407,1761989750407,0.001,814292.65,0.999,1505356.38,0.5,0.998,186,52,5301321.039999998,5444655.319999999
2025-11-01 02:36:02.374,1761989762374,0.001,814292.65,0.999,1505356.38,0.5,0.998,186,52,5301321.039999998,5444462.319999999
2025-11-01 02:36:03.348,1761989763348,0.001,814292.65,0.999,1505356.38,0.5,0.998,186,52,5301278.349999998,5444462.319999999
2025-11-01 02:36:15.179,1761989775179,0.001,814292.65,0.999,1505356.38,0.5,0.998,186,52,5301357.509999998,5444462.319999999
2025-11-01 02:36:24.899,1761989784899,0.001,814292.65,0.999,1505356.38,0.5,0.998,186,52,5301320.619999998,5444462.319999999
2025-11-01 02:36:32.190,1761989792190,0.001,814292.65,0.999,1505356.38,0.5,0.998,186,52,5301273.949999998,5444462.319999999
2025-11-01 02:36:35.452,1761989795452,0.001,814292.65,0.999,1505356.38,0.5,0.998,186,52,5300588.789999998,5444462.319999999
2025-11-01 02:36:40.987,1761989800987,0.001,814292.65,0.999,1505356.38,0.5,0.998,186,52,5300586.679999998,5444462.319999999
2025-11-01 02:38:53.096,1761989933096,0.001,814292.65,0.999,1505356.38,0.5,0.998,186,52,5298614.8599999985,5446504.659999999
2025-11-01 02:39:57.851,1761989997851,0.001,814292.65,0.999,1505356.38,0.5,0.998,186,53,5298110.549999998,5446694.679999999
2025-11-01 02:39:58.863,1761989998863,0.001,814292.65,0.999,1505356.38,0.5,0.998,186,53,5298110.549999998,5446674.379999999
2025-11-01 02:40:00.994,1761990000994,0.001,814292.65,0.999,1505356.38,0.5,0.998,186,53,5297579.8999999985,5446674.379999999
2025-11-01 02:40:03.884,1761990003884,0.001,814292.65,0.999,1505356.38,0.5,0.998,186,53,5297579.8999999985,5446143.7299999995
2025-11-01 02:40:54.259,1761990054259,0.001,814292.65,0.999,1505356.38,0.5,0.998,186,53,5297579.8999999985,5446138.869999999
2025-11-01 02:41:03.636,1761990063636,0.001,814292.65,0.999,1505356.38,0.5,0.998,186,53,5301724.929999998,5446128.869999999
2025-11-01 02:41:19.149,1761990079149,0.001,814292.65,0.999,1505356.38,0.5,0.998,186,53,5300773.549999998,5446128.869999999
2025-11-01 02:41:29.826,1761990089826,0.001,814292.65,0.999,1505356.38,0.5,0.998,186,53,5300773.549999998,5443107.489999999
2025-11-01 02:41:34.634,1761990094634,0.001,814292.65,0.999,1505356.38,0.5,0.998,186,53,5297860.759999998,5443143.199999999
2025-11-01 02:41:51.279,1761990111279,0.001,814292.65,0.999,1505356.38,0.5,0.998,186,53,5297756.469999998,5443104.319999999
2025-11-01 02:42:30.290,1761990150290,0.001,814292.65,0.999,1505356.38,0.5,0.998,186,53,5297756.469999998,5443103.259999999
2025-11-01 02:42:54.886,1761990174886,0.001,814292.65,0.999,1505356.38,0.5,0.998,186,53,5297756.469999998,5443090.059999999
2025-11-01 02:42:56.065,1761990176065,0.001,814292.65,0.999,1505356.38,0.5,0.998,186,53,5297744.999999998,5443090.059999999
2025-11-01 02:43:24.683,1761990204683,0.001,814292.65,0.999,1505356.38,0.5,0.998,186,53,5276983.059999999,5428861.189999999
2025-11-01 02:43:27.241,1761990207241,0.001,814292.65,0.999,1505356.38,0.5,0.998,186,53,5276983.059999999,5428859.079999999
2025-11-01 02:43:57.273,1761990237273,0.001,814292.65,0.999,1505856.38,0.5,0.998,186,53,5310983.059999999,5429855.379999999
2025-11-01 02:43:59.678,1761990239678,0.001,814292.65,0.999,1505856.38,0.5,0.998,186,53,5310983.059999999,5429853.269999999
2025-11-01 02:44:55.840,1761990295840,0.001,814292.65,0.999,1505856.38,0.5,0.998,186,53,5314229.809999999,5437773.269999999
2025-11-01 02:45:50.592,1761990350592,0.001,814292.65,0.999,1505856.38,0.5,0.998,186,53,5283657.839999999,5438984.289999999
2025-11-01 02:46:42.387,1761990402387,0.001,814292.65,0.999,1505856.38,0.5,0.998,186,53,5283423.579999998,5438434.289999999
2025-11-01 02:47:35.073,1761990455073,0.001,814292.65,0.999,1505856.38,0.5,0.998,186,53,5182127.439999999,5436293.299999999
2025-11-01 02:47:35.568,1761990455568,0.001,814292.65,0.999,1505856.38,0.5,0.998,186,53,5181527.439999999,5433361.059999999
2025-11-01 02:47:38.767,1761990458767,0.001,814292.65,0.999,1505856.38,0.5,0.998,186,53,5182127.439999999,5433094.289999999
2025-11-01 02:47:41.035,1761990461035,0.001,814292.65,0.999,1505856.38,0.5,0.998,186,53,5179195.209999998,5429265.979999999
2025-11-01 02:48:50.740,1761990530740,0.001,814292.65,0.999,1505856.38,0.5,0.998,187,53,5177695.289999997,5428835.529999998
2025-11-01 02:49:39.977,1761990579977,0.001,814292.65,0.999,1505856.38,0.5,0.998,187,53,5178095.289999997,5428785.529999998
2025-11-01 02:50:04.861,1761990604861,0.001,814292.65,0.999,1505856.38,0.5,0.998,186,53,5177673.039999997,5428785.529999998
2025-11-01 02:51:01.570,1761990661570,0.001,814292.65,0.999,1505856.38,0.5,0.998,185,53,5163380.079999997,5427950.279999998
2025-11-01 02:51:24.553,1761990684553,0.001,814292.65,0.999,1505856.38,0.5,0.998,185,53,5168886.269999997,5431778.619999999
2025-11-01 02:51:46.301,1761990706301,0.001,814292.65,0.999,1505856.38,0.5,0.998,185,53,5168323.339999997,5431891.199999999
2025-11-01 02:52:20.802,1761990740802,0.001,814292.65,0.999,1505856.38,0.5,0.998,185,53,5166928.339999997,5435928.599999999
2025-11-01 02:52:41.554,1761990761554,0.001,814292.65,0.999,1505856.38,0.5,0.998,186,53,5157097.719999997,5446478.599999999
2025-11-01 02:52:54.135,1761990774135,0.001,814292.65,0.999,1505856.38,0.5,0.998,186,53,5172095.719999997,5446478.599999999
2025-11-01 02:53:13.879,1761990793879,0.001,814292.65,0.999,1505856.38,0.5,0.998,186,53,5172055.2399999965,5447043.8999999985
2025-11-01 02:53:41.865,1761990821865,0.001,814292.65,0.999,1505856.38,0.5,0.998,186,53,5172055.2399999965,5445032.689999999
2025-11-01 02:54:03.929,1761990843929,0.001,814292.65,0.999,1505856.38,0.5,0.998,186,53,5174918.599999998,5446181.099999999
2025-11-01 02:54:06.904,1761990846904,0.001,814292.65,0.999,1505856.38,0.5,0.998,186,53,5174918.599999998,5445946.839999999
2025-11-01 02:54:22.316,1761990862316,0.001,814292.65,0.999,1505856.38,0.5,0.998,187,53,5178794.599999998,5445046.839999999
2025-11-01 02:54:28.035,1761990868035,0.001,814292.65,0.999,1505856.38,0.5,0.998,187,53,5180294.599999998,5443430.269999999
2025-11-01 02:54:34.151,1761990874151,0.001,814292.65,0.999,1505856.38,0.5,0.998,187,53,5180178.039999997,5443430.269999999
2025-11-01 02:54:52.881,1761990892881,0.001,814292.65,0.999,1505856.38,0.5,0.998,187,53,5180442.789999997,5443440.269999999
2025-11-01 02:54:57.760,1761990897760,0.001,814292.65,0.999,1505856.38,0.5,0.998,187,53,5179552.789999997,5443440.269999999
2025-11-01 02:55:38.739,1761990938739,0.001,814292.65,0.999,1505856.38,0.5,0.998,187,53,5182883.529999997,5459201.009999999
2025-11-01 02:55:38.974,1761990938974,0.001,814292.65,0.999,1505856.38,0.5,0.998,187,53,5182883.529999997,5459190.449999999
2025-11-01 02:55:43.632,1761990943632,0.001,814292.65,0.999,1505856.38,0.5,0.998,187,53,5183383.529999997,5458890.449999999
2025-11-01 02:56:09.018,1761990969018,0.001,814292.65,0.999,1505856.38,0.5,0.998,187,53,5186593.529999997,5458890.449999999
2025-11-01 02:56:19.682,1761990979682,0.001,814292.65,0.999,1505856.38,0.5,0.998,187,53,5186086.019999997,5459590.449999999
2025-11-01 02:56:25.265,1761990985265,0.001,814292.65,0.999,1505856.38,0.5,0.998,187,53,5186167.319999997,5459669.169999999
2025-11-01 02:56:43.752,1761991003752,0.001,814292.65,0.999,1505856.38,0.5,0.998,186,53,5187830.319999997,5459043.239999999
2025-11-01 02:56:52.423,1761991012423,0.001,814292.65,0.999,1505856.38,0.5,0.998,186,52,5187311.549999996,5458753.239999999
2025-11-01 02:56:54.972,1761991014972,0.001,814292.65,0.999,1505856.38,0.5,0.998,186,53,5187311.549999996,5458334.469999999
2025-11-01 02:56:57.124,1761991017124,0.001,814292.65,0.999,1505856.38,0.5,0.998,186,53,5187289.859999997,5458334.469999999
2025-11-01 02:57:26.425,1761991046425,0.001,814292.65,0.999,1505856.38,0.5,0.998,187,53,5221213.449999996,5453652.469999999
2025-11-01 02:57:29.080,1761991049080,0.001,814292.65,0.999,1505856.38,0.5,0.998,187,53,5218577.449999996,5453134.219999999
2025-11-01 02:57:52.412,1761991072412,0.001,814292.65,0.999,1505856.38,0.5,0.998,187,53,5218399.439999997,5453134.219999999
2025-11-01 02:58:18.039,1761991098039,0.001,814292.65,0.999,1505856.38,0.5,0.998,187,53,5218399.439999997,5452519.469999999
2025-11-01 02:58:28.484,1761991108484,0.001,814292.65,0.999,1505856.38,0.5,0.998,187,53,5218459.439999997,5452493.069999999
2025-11-01 02:58:36.154,1761991116154,0.001,814292.65,0.999,1505856.38,0.5,0.998,187,53,5218459.439999997,5452491.059999999
2025-11-01 02:58:52.839,1761991132839,0.001,814292.65,0.999,1505856.38,0.5,0.998,187,53,5218377.539999996,5452491.059999999
2025-11-01 02:58:55.565,1761991135565,0.001,814292.65,0.999,1505856.38,0.5,0.998,187,53,5218377.539999996,5452481.059999999
2025-11-01 02:59:02.528,1761991142528,0.001,814292.65,0.999,1505856.38,0.5,0.998,187,53,5218377.539999996,6252479.049999999
2025-11-01 02:59:26.129,1761991166129,0.001,814292.65,0.999,1505856.38,0.5,0.998,187,53,5220608.309999997,6252479.049999999
2025-11-01 02:59:51.134,1761991191134,0.001,814292.65,0.999,1505856.38,0.5,0.998,187,53,5220608.309999997,6244476.929999999
2025-11-01 03:00:23.271,1761991223271,0.001,814292.65,0.999,1505877.66,0.5,0.998,187,53,5191564.729999997,5441502.119999998
2025-11-01 03:00:28.135,1761991228135,0.001,814292.65,0.999,1505877.66,0.5,0.998,187,53,5191876.719999996,5441502.119999998
2025-11-01 03:00:31.289,1761991231289,0.001,814292.65,0.999,1505877.66,0.5,0.998,187,53,5191559.129999996,5444498.209999998
2025-11-01 03:01:24.543,1761991284543,0.001,814292.65,0.999,1505877.66,0.5,0.998,187,53,5219224.989999997,6144747.909999998
2025-11-01 03:01:24.549,1761991284549,0.001,814292.65,0.999,1505877.66,0.5,0.998,187,53,5219148.689999997,6144747.909999998
2025-11-01 03:01:24.556,1761991284556,0.001,814292.65,0.999,1505877.66,0.5,0.998,187,53,5214434.929999997,6144747.909999998
2025-11-01 03:01:24.561,1761991284561,0.001,814292.65,0.999,1505877.66,0.5,0.998,187,53,5214312.929999997,6144747.909999998
2025-11-01 03:01:24.570,1761991284570,0.001,814292.65,0.999,1505877.66,0.5,0.998,187,53,5212312.929999997,6144747.909999998
2025-11-01 03:02:30.221,1761991350221,0.001,814292.65,0.999,1505877.66,0.5,0.998,187,53,5206731.269999997,6130983.379999998
2025-11-01 03:02:39.216,1761991359216,0.001,814292.65,0.999,1505877.66,0.5,0.998,187,53,5206231.269999997,6130902.379999998
2025-11-01 03:04:05.716,1761991445716,0.001,814292.65,0.999,1505877.66,0.5,0.998,187,53,5206031.469999997,6134463.389999998
2025-11-01 03:04:30.413,1761991470413,0.001,814292.65,0.999,1505877.66,0.5,0.998,187,53,5206027.689999997,6134163.389999998
2025-11-01 03:04:32.959,1761991472959,0.001,814292.65,0.999,1505877.66,0.5,0.998,187,53,5205827.689999997,6134163.389999998
2025-11-01 03:04:49.180,1761991489180,0.001,814292.65,0.999,1505877.66,0.5,0.998,187,53,5205837.689999997,6133963.399999998
2025-11-01 03:05:26.722,1761991526722,0.001,814292.65,0.999,1505877.66,0.5,0.998,187,53,5205832.749999997,6133963.399999998
2025-11-01 03:05:33.386,1761991533386,0.001,814292.65,0.999,1505877.66,0.5,0.998,187,53,5205828.549999997,6133963.399999998
2025-11-01 03:05:47.896,1761991547896,0.001,814292.65,0.999,1505877.66,0.5,0.998,187,53,5202928.549999997,6133752.199999998
2025-11-01 03:06:26.222,1761991586222,0.001,814292.65,0.999,1505877.66,0.5,0.998,187,53,5206293.269999997,6135632.919999998
2025-11-01 03:06:33.150,1761991593150,0.001,814292.65,0.999,1505877.66,0.5,0.998,187,53,5205737.709999997,6135632.919999998
2025-11-01 03:06:44.537,1761991604537,0.001,814292.65,0.999,1505877.66,0.5,0.998,187,53,5205517.709999997,6135632.919999998
2025-11-01 03:06:57.597,1761991617597,0.001,814292.65,0.999,1505877.66,0.5,0.998,187,53,5205517.709999997,6136122.459999998
2025-11-01 03:07:10.711,1761991630711,0.001,814292.65,0.999,1505877.66,0.5,0.998,187,53,5205786.409999997,6136006.989999998
2025-11-01 03:07:47.078,1761991667078,0.001,814292.65,0.999,1505877.66,0.5,0.998,187,52,5207327.709999997,6135957.469999998
2025-11-01 03:07:57.161,1761991677161,0.001,814292.65,0.999,1505877.66,0.5,0.998,187,52,5207181.219999997,6136957.469999998
2025-11-01 03:08:14.434,1761991694434,0.001,814292.65,0.999,1505877.66,0.5,0.998,187,52,5208381.219999997,6136987.469999998
2025-11-01 03:08:17.661,1761991697661,0.001,814292.65,0.999,1505877.66,0.5,0.998,187,52,5208311.219999997,6137187.469999998
2025-11-01 03:08:30.226,1761991710226,0.001,814292.65,0.999,1505877.66,0.5,0.998,187,52,5208520.219999997,6136687.479999999
2025-11-01 03:09:06.276,1761991746276,0.001,814292.65,0.999,1505877.66,0.5,0.998,187,52,5210509.969999997,6133716.259999999
2025-11-01 03:09:11.644,1761991751644,0.001,814292.65,0.999,1505877.66,0.5,0.998,187,52,5210186.469999997,6133716.259999999
2025-11-01 03:09:48.150,1761991788150,0.001,814292.65,0.999,1505877.66,0.5,0.998,187,51,5212157.689999997,6133614.100000001
2025-11-01 03:10:21.305,1761991821305,0.001,814292.65,0.999,1505877.66,0.5,0.998,187,51,5212226.109999997,6133914.100000001
2025-11-01 03:11:01.220,1761991861220,0.001,814292.65,0.999,1505877.66,0.5,0.998,187,51,5213443.799999996,6146113.550000001
2025-11-01 03:11:15.395,1761991875395,0.001,814292.65,0.999,1505877.66,0.5,0.998,187,51,5213651.799999996,6148209.32
2025-11-01 03:11:28.434,1761991888434,0.001,814292.65,0.999,1505877.66,0.5,0.998,187,51,5213324.049999996,6149809.32
2025-11-01 03:11:41.940,1761991901940,0.001,814292.65,0.999,1505877.66,0.5,0.998,187,51,5212636.929999996,6149814.32
2025-11-01 03:11:56.435,1761991916435,0.001,814292.65,0.999,1505877.66,0.5,0.998,187,51,5212614.559999996,6149819.32
2025-11-01 03:11:57.040,1761991917040,0.001,814292.65,0.999,1505877.66,0.5,0.998,187,51,5212614.559999996,6149652.03
2025-11-01 03:12:07.795,1761991927795,0.001,814292.65,0.999,1505877.66,0.5,0.998,187,51,5212614.559999996,6149630.91
2025-11-01 03:12:30.990,1761991950990,0.001,814292.65,0.999,1505877.66,0.5,0.998,187,52,5212601.899999996,6149630.91
2025-11-01 03:13:16.487,1761991996487,0.001,814292.65,0.999,1505877.66,0.5,0.998,187,52,5212413.199999996,6150009.790000001
2025-11-01 03:13:17.368,1761991997368,0.001,814292.65,0.999,1505877.66,0.5,0.998,187,52,5212413.199999996,6150005.5600000005
2025-11-01 03:13:23.410,1761992003410,0.001,814292.65,0.999,1505877.66,0.5,0.998,187,52,5212353.199999996,6149962.080000001
2025-11-01 03:13:29.301,1761992009301,0.001,814292.65,0.999,1505877.66,0.5,0.998,187,52,5212353.199999996,6149901.260000001
2025-11-01 03:13:35.390,1761992015390,0.001,814292.65,0.999,1505877.66,0.5,0.998,187,52,5212353.199999996,6149880.850000001
