timestamp,timestamp_sec,side,direction,price,shares_normalized,token_id,transaction_hash,market
2025-10-17 11:40:04+00:00,1760701204,SELL,-1,0.8939999994018871,123.722471,33945469250963963541781051637999677727672635213493648594066577298999471399137,,
2025-10-17 11:40:04+00:00,1760701204,BUY,1,0.8930227808080494,5430.992471,33945469250963963541781051637999677727672635213493648594066577298999471399137,,
2025-10-17 11:40:10+00:00,1760701210,BUY,1,0.8920000010272,833.333332,33945469250963963541781051637999677727672635213493648594066577298999471399137,,
2025-10-17 11:40:10+00:00,1760701210,BUY,1,0.8920000010272,833.333332,33945469250963963541781051637999677727672635213493648594066577298999471399137,,
2025-10-17 11:40:10+00:00,1760701210,BUY,1,0.8920000010272,833.333332,33945469250963963541781051637999677727672635213493648594066577298999471399137,,
2025-10-17 11:40:12+00:00,1760701212,BUY,1,0.8920000010272,833.333332,33945469250963963541781051637999677727672635213493648594066577298999471399137,,
2025-10-17 11:40:12+00:00,1760701212,BUY,1,0.892,708.18,33945469250963963541781051637999677727672635213493648594066577298999471399137,,
2025-10-17 11:40:12+00:00,1760701212,BUY,1,0.8920000010272,833.333332,33945469250963963541781051637999677727672635213493648594066577298999471399137,,
2025-10-17 11:40:12+00:00,1760701212,BUY,1,0.892,50.0,33945469250963963541781051637999677727672635213493648594066577298999471399137,,
2025-10-17 11:40:12+00:00,1760701212,BUY,1,0.892,49.36,33945469250963963541781051637999677727672635213493648594066577298999471399137,,
2025-10-17 11:40:12+00:00,1760701212,BUY,1,0.8920000331868717,25.793332,33945469250963963541781051637999677727672635213493648594066577298999471399137,,
2025-10-17 11:40:16+00:00,1760701216,BUY,1,0.892,1616.52,33945469250963963541781051637999677727672635213493648594066577298999471399137,,
2025-10-17 11:40:16+00:00,1760701216,BUY,1,0.892,3808.54,33945469250963963541781051637999677727672635213493648594066577298999471399137,,
2025-10-17 11:40:16+00:00,1760701216,SELL,-1,0.892,5425.06,33945469250963963541781051637999677727672635213493648594066577298999471399137,,
2025-10-17 11:40:20+00:00,1760701220,SELL,-1,0.894,790.62,33945469250963963541781051637999677727672635213493648594066577298999471399137,,
2025-10-17 11:40:20+00:00,1760701220,SELL,-1,0.894,833.33,33945469250963963541781051637999677727672635213493648594066577298999471399137,,
2025-10-17 11:40:20+00:00,1760701220,SELL,-1,0.894,36.04,33945469250963963541781051637999677727672635213493648594066577298999471399137,,
2025-10-17 11:40:20+00:00,1760701220,SELL,-1,0.894,833.33,33945469250963963541781051637999677727672635213493648594066577298999471399137,,
2025-10-17 11:40:20+00:00,1760701220,SELL,-1,0.894,833.33,33945469250963963541781051637999677727672635213493648594066577298999471399137,,
2025-10-17 11:40:32+00:00,1760701232,SELL,-1,0.892,111.99,33945469250963963541781051637999677727672635213493648594066577298999471399137,,
2025-10-17 11:40:32+00:00,1760701232,BUY,1,0.892,111.99,33945469250963963541781051637999677727672635213493648594066577298999471399137,,
2025-10-17 11:40:50+00:00,1760701250,SELL,-1,0.8939999922400799,111.856822,33945469250963963541781051637999677727672635213493648594066577298999471399137,,
2025-10-17 11:40:50+00:00,1760701250,BUY,1,0.8939999922400799,111.856822,33945469250963963541781051637999677727672635213493648594066577298999471399137,,
2025-10-17 11:41:52+00:00,1760701312,SELL,-1,0.893,111.85,33945469250963963541781051637999677727672635213493648594066577298999471399137,,
2025-10-17 11:41:52+00:00,1760701312,SELL,-1,0.893,50.0,33945469250963963541781051637999677727672635213493648594066577298999471399137,,
2025-10-17 11:41:52+00:00,1760701312,BUY,1,0.8929999999846912,6074.938401,33945469250963963541781051637999677727672635213493648594066577298999471399137,,
2025-10-17 11:42:00+00:00,1760701320,BUY,1,0.892,2001.4,33945469250963963541781051637999677727672635213493648594066577298999471399137,,
2025-10-17 11:42:00+00:00,1760701320,BUY,1,0.892,4079.47,33945469250963963541781051637999677727672635213493648594066577298999471399137,,
2025-10-17 11:42:00+00:00,1760701320,SELL,-1,0.892,6080.87,33945469250963963541781051637999677727672635213493648594066577298999471399137,,
2025-10-17 11:42:12+00:00,1760701332,SELL,-1,0.8939999852738599,31.780222,33945469250963963541781051637999677727672635213493648594066577298999471399137,,
2025-10-17 11:42:12+00:00,1760701332,BUY,1,0.8930061694600866,5151.140222,33945469250963963541781051637999677727672635213493648594066577298999471399137,,
2025-10-17 11:42:20+00:00,1760701340,SELL,-1,0.892,5145.41,33945469250963963541781051637999677727672635213493648594066577298999471399137,,
2025-10-17 11:42:20+00:00,1760701340,BUY,1,0.892,5145.41,33945469250963963541781051637999677727672635213493648594066577298999471399137,,
2025-10-17 11:42:46+00:00,1760701366,SELL,-1,0.894,51.28,33945469250963963541781051637999677727672635213493648594066577298999471399137,,
2025-10-17 11:42:46+00:00,1760701366,BUY,1,0.894,51.28,33945469250963963541781051637999677727672635213493648594066577298999471399137,,
2025-10-17 11:42:50+00:00,1760701370,BUY,1,0.8939999766665983,22.371363,33945469250963963541781051637999677727672635213493648594066577298999471399137,,
2025-10-17 11:42:50+00:00,1760701370,SELL,-1,0.8939999766665983,22.371363,33945469250963963541781051637999677727672635213493648594066577298999471399137,,
2025-10-17 11:42:56+00:00,1760701376,SELL,-1,0.893,51.28,33945469250963963541781051637999677727672635213493648594066577298999471399137,,
2025-10-17 11:42:56+00:00,1760701376,BUY,1,0.893,51.28,33945469250963963541781051637999677727672635213493648594066577298999471399137,,
2025-10-17 11:43:18+00:00,1760701398,BUY,1,0.893,280.0,33945469250963963541781051637999677727672635213493648594066577298999471399137,,
2025-10-17 11:43:18+00:00,1760701398,SELL,-1,0.893,280.0,33945469250963963541781051637999677727672635213493648594066577298999471399137,,
2025-10-17 11:44:22+00:00,1760701462,SELL,-1,0.893,49.0,33945469250963963541781051637999677727672635213493648594066577298999471399137,,
2025-10-17 11:44:22+00:00,1760701462,BUY,1,0.893,49.0,33945469250963963541781051637999677727672635213493648594066577298999471399137,,
2025-10-17 11:44:48+00:00,1760701488,SELL,-1,0.893,1197.75,33945469250963963541781051637999677727672635213493648594066577298999471399137,,
2025-10-17 11:44:48+00:00,1760701488,BUY,1,0.893,1197.75,33945469250963963541781051637999677727672635213493648594066577298999471399137,,
2025-10-17 11:46:28+00:00,1760701588,SELL,-1,0.893,331.76,33945469250963963541781051637999677727672635213493648594066577298999471399137,,
2025-10-17 11:46:28+00:00,1760701588,BUY,1,0.893,331.76,33945469250963963541781051637999677727672635213493648594066577298999471399137,,
2025-10-17 11:47:44+00:00,1760701664,SELL,-1,0.8939998283519643,5.59284,33945469250963963541781051637999677727672635213493648594066577298999471399137,,
2025-10-17 11:47:44+00:00,1760701664,BUY,1,0.8939998283519643,5.59284,33945469250963963541781051637999677727672635213493648594066577298999471399137,,
2025-10-17 11:47:50+00:00,1760701670,BUY,1,0.893,90.21,33945469250963963541781051637999677727672635213493648594066577298999471399137,,
2025-10-17 11:47:50+00:00,1760701670,SELL,-1,0.893,356.12,33945469250963963541781051637999677727672635213493648594066577298999471399137,,
2025-10-17 11:48:08+00:00,1760701688,SELL,-1,0.893,344.92,33945469250963963541781051637999677727672635213493648594066577298999471399137,,
2025-10-17 11:48:16+00:00,1760701696,SELL,-1,0.893,69.71,33945469250963963541781051637999677727672635213493648594066577298999471399137,,
2025-10-17 11:48:36+00:00,1760701716,SELL,-1,0.8939999962097511,200.51454,33945469250963963541781051637999677727672635213493648594066577298999471399137,,
2025-10-17 11:48:36+00:00,1760701716,BUY,1,0.8939999962097511,200.51454,33945469250963963541781051637999677727672635213493648594066577298999471399137,,
2025-10-17 11:49:12+00:00,1760701752,SELL,-1,0.8939999766665983,22.371363,33945469250963963541781051637999677727672635213493648594066577298999471399137,,
2025-10-17 11:49:12+00:00,1760701752,BUY,1,0.8939999766665983,22.371363,33945469250963963541781051637999677727672635213493648594066577298999471399137,,
2025-10-17 11:49:32+00:00,1760701772,SELL,-1,0.894,280.0,33945469250963963541781051637999677727672635213493648594066577298999471399137,,
2025-10-17 11:49:34+00:00,1760701774,SELL,-1,0.8939998741777532,6.644294,33945469250963963541781051637999677727672635213493648594066577298999471399137,,
2025-10-17 11:49:34+00:00,1760701774,BUY,1,0.8939998741777532,6.644294,33945469250963963541781051637999677727672635213493648594066577298999471399137,,
2025-10-17 11:50:04+00:00,1760701804,SELL,-1,0.8939999974937177,395.805368,33945469250963963541781051637999677727672635213493648594066577298999471399137,,
2025-10-17 11:50:04+00:00,1760701804,BUY,1,0.894000000020212,395.805368,33945469250963963541781051637999677727672635213493648594066577298999471399137,,
2025-10-17 11:50:14+00:00,1760701814,BUY,1,0.894,20000.0,33945469250963963541781051637999677727672635213493648594066577298999471399137,,
2025-10-17 11:50:14+00:00,1760701814,SELL,-1,0.894,168.61,33945469250963963541781051637999677727672635213493648594066577298999471399137,,
2025-10-17 11:50:14+00:00,1760701814,SELL,-1,0.894,19274.48,33945469250963963541781051637999677727672635213493648594066577298999471399137,,
2025-10-17 11:50:14+00:00,1760701814,SELL,-1,0.894,52.87,33945469250963963541781051637999677727672635213493648594066577298999471399137,,
2025-10-17 11:50:18+00:00,1760701818,BUY,1,0.893999999993002,2857.94183,33945469250963963541781051637999677727672635213493648594066577298999471399137,,
2025-10-17 11:50:54+00:00,1760701854,SELL,-1,0.893,100.0,33945469250963963541781051637999677727672635213493648594066577298999471399137,,
2025-10-17 11:51:00+00:00,1760701860,SELL,-1,0.893,18.12,33945469250963963541781051637999677727672635213493648594066577298999471399137,,
2025-10-17 11:51:48+00:00,1760701908,BUY,1,0.8939999998738772,333.008943,33945469250963963541781051637999677727672635213493648594066577298999471399137,,
2025-10-17 11:52:58+00:00,1760701978,BUY,1,0.8939999985718939,355.715882,33945469250963963541781051637999677727672635213493648594066577298999471399137,,
2025-10-17 11:52:58+00:00,1760701978,SELL,-1,0.8939999980480748,260.255882,33945469250963963541781051637999677727672635213493648594066577298999471399137,,
2025-10-17 11:54:56+00:00,1760702096,SELL,-1,0.8939999922400799,111.856822,33945469250963963541781051637999677727672635213493648594066577298999471399137,,
2025-10-17 11:54:56+00:00,1760702096,BUY,1,0.8939999922400799,111.856822,33945469250963963541781051637999677727672635213493648594066577298999471399137,,
2025-10-17 11:55:54+00:00,1760702154,SELL,-1,0.893,13.44,33945469250963963541781051637999677727672635213493648594066577298999471399137,,
2025-10-17 11:55:58+00:00,1760702158,SELL,-1,0.893,111.86,33945469250963963541781051637999677727672635213493648594066577298999471399137,,
2025-10-17 11:56:16+00:00,1760702176,SELL,-1,0.8939999922400799,111.856822,33945469250963963541781051637999677727672635213493648594066577298999471399137,,
2025-10-17 11:56:16+00:00,1760702176,BUY,1,0.8939999922400799,111.856822,33945469250963963541781051637999677727672635213493648594066577298999471399137,,
2025-10-17 11:56:26+00:00,1760702186,SELL,-1,0.893,111.86,33945469250963963541781051637999677727672635213493648594066577298999471399137,,
2025-10-17 11:56:42+00:00,1760702202,BUY,1,0.8939999922400799,111.856822,33945469250963963541781051637999677727672635213493648594066577298999471399137,,
2025-10-17 11:56:42+00:00,1760702202,SELL,-1,0.8939999922400799,111.856822,33945469250963963541781051637999677727672635213493648594066577298999471399137,,
2025-10-17 11:56:54+00:00,1760702214,SELL,-1,0.893,111.85,33945469250963963541781051637999677727672635213493648594066577298999471399137,,
2025-10-17 11:57:10+00:00,1760702230,SELL,-1,0.8939999922400799,111.856822,33945469250963963541781051637999677727672635213493648594066577298999471399137,,
2025-10-17 11:57:10+00:00,1760702230,BUY,1,0.8939999922400799,111.856822,33945469250963963541781051637999677727672635213493648594066577298999471399137,,
2025-10-17 11:57:40+00:00,1760702260,SELL,-1,0.893,111.86,33945469250963963541781051637999677727672635213493648594066577298999471399137,,
2025-10-17 12:00:48+00:00,1760702448,SELL,-1,0.8939999922400799,111.856822,33945469250963963541781051637999677727672635213493648594066577298999471399137,,
2025-10-17 12:00:48+00:00,1760702448,BUY,1,0.8939999922400799,111.856822,33945469250963963541781051637999677727672635213493648594066577298999471399137,,
2025-10-17 12:01:04+00:00,1760702464,SELL,-1,0.894,1000.0,33945469250963963541781051637999677727672635213493648594066577298999471399137,,
2025-10-17 12:01:04+00:00,1760702464,BUY,1,0.894,1000.0,33945469250963963541781051637999677727672635213493648594066577298999471399137,,
2025-10-17 12:01:10+00:00,1760702470,SELL,-1,0.893,111.86,33945469250963963541781051637999677727672635213493648594066577298999471399137,,
2025-10-17 12:01:12+00:00,1760702472,SELL,-1,0.893,1000.0,33945469250963963541781051637999677727672635213493648594066577298999471399137,,
2025-10-17 12:01:40+00:00,1760702500,BUY,1,0.8939991971871153,1.118567,33945469250963963541781051637999677727672635213493648594066577298999471399137,,
2025-10-17 12:01:40+00:00,1760702500,SELL,-1,0.8939991971871153,1.118567,33945469250963963541781051637999677727672635213493648594066577298999471399137,,
2025-10-17 12:03:22+00:00,1760702602,SELL,-1,0.893999999561128,1016.241609,33945469250963963541781051637999677727672635213493648594066577298999471399137,,
2025-10-17 12:03:22+00:00,1760702602,BUY,1,0.893999999561128,1016.241609,33945469250963963541781051637999677727672635213493648594066577298999471399137,,
2025-10-17 12:04:08+00:00,1760702648,SELL,-1,0.893,1016.24,33945469250963963541781051637999677727672635213493648594066577298999471399137,,
2025-10-17 12:04:28+00:00,1760702668,SELL,-1,0.893,452.89,33945469250963963541781051637999677727672635213493648594066577298999471399137,,
2025-10-17 12:06:18+00:00,1760702778,BUY,1,0.894,220.0,33945469250963963541781051637999677727672635213493648594066577298999471399137,,
2025-10-17 12:06:22+00:00,1760702782,BUY,1,0.8939999964239929,1.118566,33945469250963963541781051637999677727672635213493648594066577298999471399137,,
2025-10-17 12:06:50+00:00,1760702810,BUY,1,0.8939999992848,111.85682,33945469250963963541781051637999677727672635213493648594066577298999471399137,,
2025-10-17 12:08:12+00:00,1760702892,BUY,1,0.8939999976755993,11.185679,33945469250963963541781051637999677727672635213493648594066577298999471399137,,
2025-10-17 12:08:40+00:00,1760702920,BUY,1,0.8939999999597319,1043.008943,33945469250963963541781051637999677727672635213493648594066577298999471399137,,
2025-10-17 12:09:38+00:00,1760702978,BUY,1,0.8939999992017856,52.617443,33945469250963963541781051637999677727672635213493648594066577298999471399137,,
2025-10-17 12:09:48+00:00,1760702988,SELL,-1,0.893,1043.02,33945469250963963541781051637999677727672635213493648594066577298999471399137,,
2025-10-17 12:11:12+00:00,1760703072,BUY,1,0.8939999999822803,1015.816547,33945469250963963541781051637999677727672635213493648594066577298999471399137,,
2025-10-17 12:11:52+00:00,1760703112,SELL,-1,0.893,1015.81,33945469250963963541781051637999677727672635213493648594066577298999471399137,,
2025-10-17 12:12:44+00:00,1760703164,SELL,-1,0.893,34.34,33945469250963963541781051637999677727672635213493648594066577298999471399137,,
2025-10-17 12:13:56+00:00,1760703236,BUY,1,0.8939999933014361,7.762858,33945469250963963541781051637999677727672635213493648594066577298999471399137,,
2025-10-17 12:14:48+00:00,1760703288,BUY,1,0.894,48.0,33945469250963963541781051637999677727672635213493648594066577298999471399137,,
2025-10-17 12:15:40+00:00,1760703340,BUY,1,0.8939999881991955,5.592839,33945469250963963541781051637999677727672635213493648594066577298999471399137,,
2025-10-17 12:15:46+00:00,1760703346,BUY,1,0.8939999999458166,1107.34899,33945469250963963541781051637999677727672635213493648594066577298999471399137,,
2025-10-17 12:16:30+00:00,1760703390,BUY,1,0.893999999917278,797.852339,33945469250963963541781051637999677727672635213493648594066577298999471399137,,
2025-10-17 12:16:42+00:00,1760703402,SELL,-1,0.893,1107.35,33945469250963963541781051637999677727672635213493648594066577298999471399137,,
2025-10-17 12:16:58+00:00,1760703418,SELL,-1,0.893,1.0,33945469250963963541781051637999677727672635213493648594066577298999471399137,,
2025-10-17 12:18:06+00:00,1760703486,SELL,-1,0.893,1.13,33945469250963963541781051637999677727672635213493648594066577298999471399137,,
2025-10-17 12:18:24+00:00,1760703504,BUY,1,0.8939999994718472,49.228179,33945469250963963541781051637999677727672635213493648594066577298999471399137,,
2025-10-17 12:19:20+00:00,1760703560,BUY,1,0.8939999999654213,1330.302009,33945469250963963541781051637999677727672635213493648594066577298999471399137,,
2025-10-17 12:19:30+00:00,1760703570,SELL,-1,0.893,1330.3,33945469250963963541781051637999677727672635213493648594066577298999471399137,,
2025-10-17 12:19:30+00:00,1760703570,BUY,1,0.893,815.67,33945469250963963541781051637999677727672635213493648594066577298999471399137,,
2025-10-17 12:19:44+00:00,1760703584,BUY,1,0.893,87.21,33945469250963963541781051637999677727672635213493648594066577298999471399137,,
2025-10-17 12:19:44+00:00,1760703584,SELL,-1,0.893,87.21,33945469250963963541781051637999677727672635213493648594066577298999471399137,,
2025-10-17 12:20:06+00:00,1760703606,BUY,1,0.893999999987484,2237.136462,33945469250963963541781051637999677727672635213493648594066577298999471399137,,
2025-10-17 12:20:44+00:00,1760703644,BUY,1,0.894,9.0,33945469250963963541781051637999677727672635213493648594066577298999471399137,,
2025-10-17 12:20:48+00:00,1760703648,BUY,1,0.8939999999705525,1154.597311,33945469250963963541781051637999677727672635213493648594066577298999471399137,,
2025-10-17 12:21:38+00:00,1760703698,SELL,-1,0.893,1154.61,33945469250963963541781051637999677727672635213493648594066577298999471399137,,
2025-10-17 12:21:38+00:00,1760703698,BUY,1,0.893,1154.61,33945469250963963541781051637999677727672635213493648594066577298999471399137,,
2025-10-17 12:22:04+00:00,1760703724,BUY,1,0.894,102.62,33945469250963963541781051637999677727672635213493648594066577298999471399137,,
2025-10-17 12:22:26+00:00,1760703746,BUY,1,0.893,102.62,33945469250963963541781051637999677727672635213493648594066577298999471399137,,
2025-10-17 12:22:26+00:00,1760703746,SELL,-1,0.893,102.62,33945469250963963541781051637999677727672635213493648594066577298999471399137,,
2025-10-17 12:22:40+00:00,1760703760,BUY,1,0.8939999992848,111.85682,33945469250963963541781051637999677727672635213493648594066577298999471399137,,
2025-10-17 12:23:06+00:00,1760703786,BUY,1,0.894,44.0,33945469250963963541781051637999677727672635213493648594066577298999471399137,,
2025-10-17 12:23:10+00:00,1760703790,BUY,1,0.894,118.08,33945469250963963541781051637999677727672635213493648594066577298999471399137,,
2025-10-17 12:23:16+00:00,1760703796,BUY,1,0.893,44.0,33945469250963963541781051637999677727672635213493648594066577298999471399137,,
2025-10-17 12:23:24+00:00,1760703804,SELL,-1,0.893,118.08,33945469250963963541781051637999677727672635213493648594066577298999471399137,,
2025-10-17 12:23:24+00:00,1760703804,BUY,1,0.893,118.08,33945469250963963541781051637999677727672635213493648594066577298999471399137,,
2025-10-17 12:26:40+00:00,1760704000,SELL,-1,0.893,52.62,33945469250963963541781051637999677727672635213493648594066577298999471399137,,
2025-10-17 12:26:40+00:00,1760704000,BUY,1,0.893,52.62,33945469250963963541781051637999677727672635213493648594066577298999471399137,,
2025-10-17 12:27:02+00:00,1760704022,BUY,1,0.894,290.0,33945469250963963541781051637999677727672635213493648594066577298999471399137,,
2025-10-17 12:27:14+00:00,1760704034,BUY,1,0.893,290.0,33945469250963963541781051637999677727672635213493648594066577298999471399137,,
2025-10-17 12:28:36+00:00,1760704116,BUY,1,0.894,20.0,33945469250963963541781051637999677727672635213493648594066577298999471399137,,
2025-10-17 12:28:48+00:00,1760704128,BUY,1,0.8939999997026916,322.897084,33945469250963963541781051637999677727672635213493648594066577298999471399137,,
2025-10-17 12:28:48+00:00,1760704128,BUY,1,0.893,20.0,33945469250963963541781051637999677727672635213493648594066577298999471399137,,
2025-10-17 12:29:10+00:00,1760704150,BUY,1,0.893,250.0,33945469250963963541781051637999677727672635213493648594066577298999471399137,,
2025-10-17 12:29:10+00:00,1760704150,SELL,-1,0.893,250.0,33945469250963963541781051637999677727672635213493648594066577298999471399137,,
2025-10-17 12:30:16+00:00,1760704216,BUY,1,0.8939999999380693,322.94183,33945469250963963541781051637999677727672635213493648594066577298999471399137,,
2025-10-17 12:30:50+00:00,1760704250,SELL,-1,0.893,200.51,33945469250963963541781051637999677727672635213493648594066577298999471399137,,
2025-10-17 12:30:50+00:00,1760704250,BUY,1,0.893,200.51,33945469250963963541781051637999677727672635213493648594066577298999471399137,,
2025-10-17 12:32:02+00:00,1760704322,SELL,-1,0.893,395.8,33945469250963963541781051637999677727672635213493648594066577298999471399137,,
2025-10-17 12:32:02+00:00,1760704322,BUY,1,0.893,395.8,33945469250963963541781051637999677727672635213493648594066577298999471399137,,
2025-10-17 12:32:30+00:00,1760704350,BUY,1,0.8939999881991955,5.592839,33945469250963963541781051637999677727672635213493648594066577298999471399137,,
2025-10-17 12:33:02+00:00,1760704382,BUY,1,0.8939999992701109,87.684556,33945469250963963541781051637999677727672635213493648594066577298999471399137,,
2025-10-17 12:33:10+00:00,1760704390,BUY,1,0.8939999976755993,11.185679,33945469250963963541781051637999677727672635213493648594066577298999471399137,,
2025-10-17 12:34:32+00:00,1760704472,BUY,1,0.894,99.0,33945469250963963541781051637999677727672635213493648594066577298999471399137,,
2025-10-17 12:36:58+00:00,1760704618,BUY,1,0.8930000049147458,165.420559,33945469250963963541781051637999677727672635213493648594066577298999471399137,,
2025-10-17 12:37:04+00:00,1760704624,BUY,1,0.893,333.01,33945469250963963541781051637999677727672635213493648594066577298999471399137,,
2025-10-17 12:37:04+00:00,1760704624,SELL,-1,0.893,333.01,33945469250963963541781051637999677727672635213493648594066577298999471399137,,
2025-10-17 12:37:42+00:00,1760704662,SELL,-1,0.893,355.71,33945469250963963541781051637999677727672635213493648594066577298999471399137,,
2025-10-17 12:37:42+00:00,1760704662,BUY,1,0.893,355.71,33945469250963963541781051637999677727672635213493648594066577298999471399137,,
2025-10-17 12:38:12+00:00,1760704692,BUY,1,0.893999999730377,200.279641,33945469250963963541781051637999677727672635213493648594066577298999471399137,,
2025-10-17 12:38:44+00:00,1760704724,BUY,1,0.8939999997341803,331.051452,33945469250963963541781051637999677727672635213493648594066577298999471399137,,
2025-10-17 12:39:54+00:00,1760704794,BUY,1,0.894,123.0425,33945469250963963541781051637999677727672635213493648594066577298999471399137,,
2025-10-17 12:40:20+00:00,1760704820,BUY,1,0.8939999997594996,332.63982,33945469250963963541781051637999677727672635213493648594066577298999471399137,,
2025-10-17 12:40:32+00:00,1760704832,SELL,-1,0.893,123.04,33945469250963963541781051637999677727672635213493648594066577298999471399137,,
2025-10-17 12:40:32+00:00,1760704832,BUY,1,0.893,123.04,33945469250963963541781051637999677727672635213493648594066577298999471399137,,
2025-10-17 12:41:22+00:00,1760704882,SELL,-1,0.893,67.99,33945469250963963541781051637999677727672635213493648594066577298999471399137,,
2025-10-17 12:41:22+00:00,1760704882,BUY,1,0.893,67.99,33945469250963963541781051637999677727672635213493648594066577298999471399137,,
2025-10-17 12:41:58+00:00,1760704918,BUY,1,0.8930000014873,560.747662,33945469250963963541781051637999677727672635213493648594066577298999471399137,,
2025-10-17 12:42:02+00:00,1760704922,BUY,1,0.894,1098.434,33945469250963963541781051637999677727672635213493648594066577298999471399137,,
2025-10-17 12:42:24+00:00,1760704944,BUY,1,0.8930000007789237,1102.803737,33945469250963963541781051637999677727672635213493648594066577298999471399137,,
2025-10-17 12:42:34+00:00,1760704954,BUY,1,0.893,63.38,33945469250963963541781051637999677727672635213493648594066577298999471399137,,
2025-10-17 12:42:34+00:00,1760704954,SELL,-1,0.893,63.38,33945469250963963541781051637999677727672635213493648594066577298999471399137,,
2025-10-17 12:42:40+00:00,1760704960,BUY,1,0.8930000169060007,46.72897,33945469250963963541781051637999677727672635213493648594066577298999471399137,,
2025-10-17 12:43:46+00:00,1760705026,BUY,1,0.89399999912104,102.393735,33945469250963963541781051637999677727672635213493648594066577298999471399137,,
2025-10-17 12:44:18+00:00,1760705058,SELL,-1,0.894,166.61,33945469250963963541781051637999677727672635213493648594066577298999471399137,,
2025-10-17 12:44:42+00:00,1760705082,SELL,-1,0.8939999964518345,280.708434,33945469250963963541781051637999677727672635213493648594066577298999471399137,,
2025-10-17 12:44:42+00:00,1760705082,SELL,-1,0.894,77.39,33945469250963963541781051637999677727672635213493648594066577298999471399137,,
2025-10-17 12:44:42+00:00,1760705082,BUY,1,0.8940000000111701,358.098434,33945469250963963541781051637999677727672635213493648594066577298999471399137,,
2025-10-17 12:44:58+00:00,1760705098,SELL,-1,0.8939999755990538,9.507828,33945469250963963541781051637999677727672635213493648594066577298999471399137,,
2025-10-17 12:44:58+00:00,1760705098,BUY,1,0.8939999755990538,9.507828,33945469250963963541781051637999677727672635213493648594066577298999471399137,,
2025-10-17 12:45:32+00:00,1760705132,BUY,1,0.893,66.97,33945469250963963541781051637999677727672635213493648594066577298999471399137,,
2025-10-17 12:45:32+00:00,1760705132,SELL,-1,0.893,66.97,33945469250963963541781051637999677727672635213493648594066577298999471399137,,
2025-10-17 12:46:50+00:00,1760705210,BUY,1,0.8930000016906703,483.831774,33945469250963963541781051637999677727672635213493648594066577298999471399137,,
2025-10-17 12:47:20+00:00,1760705240,SELL,-1,0.8939999990528614,344.194629,33945469250963963541781051637999677727672635213493648594066577298999471399137,,
2025-10-17 12:47:20+00:00,1760705240,BUY,1,0.8939999990528614,344.194629,33945469250963963541781051637999677727672635213493648594066577298999471399137,,
2025-10-17 12:47:28+00:00,1760705248,BUY,1,0.8930000351221393,24.48598,33945469250963963541781051637999677727672635213493648594066577298999471399137,,
2025-10-17 12:47:40+00:00,1760705260,SELL,-1,0.893,213.64,33945469250963963541781051637999677727672635213493648594066577298999471399137,,
2025-10-17 12:47:40+00:00,1760705260,BUY,1,0.893,174.73,33945469250963963541781051637999677727672635213493648594066577298999471399137,,
2025-10-17 12:47:48+00:00,1760705268,BUY,1,0.893999999966227,355.313198,33945469250963963541781051637999677727672635213493648594066577298999471399137,,
2025-10-17 12:47:48+00:00,1760705268,SELL,-1,0.893999999966227,355.313198,33945469250963963541781051637999677727672635213493648594066577298999471399137,,
2025-10-17 12:54:48+00:00,1760705688,SELL,-1,0.893,6.76,33945469250963963541781051637999677727672635213493648594066577298999471399137,,
2025-10-17 12:55:52+00:00,1760705752,SELL,-1,0.893,346.88,33945469250963963541781051637999677727672635213493648594066577298999471399137,,
2025-10-17 12:58:14+00:00,1760705894,SELL,-1,0.893,100.0,33945469250963963541781051637999677727672635213493648594066577298999471399137,,
2025-10-17 12:58:24+00:00,1760705904,SELL,-1,0.894,100.0,33945469250963963541781051637999677727672635213493648594066577298999471399137,,
2025-10-17 12:58:26+00:00,1760705906,SELL,-1,0.893,5.0,33945469250963963541781051637999677727672635213493648594066577298999471399137,,
2025-10-17 12:58:48+00:00,1760705928,SELL,-1,0.893,50.0,33945469250963963541781051637999677727672635213493648594066577298999471399137,,
2025-10-17 13:00:14+00:00,1760706014,SELL,-1,0.8939991971871153,1.118567,33945469250963963541781051637999677727672635213493648594066577298999471399137,,
2025-10-17 13:00:14+00:00,1760706014,BUY,1,0.8939991971871153,1.118567,33945469250963963541781051637999677727672635213493648594066577298999471399137,,
2025-10-17 13:02:32+00:00,1760706152,SELL,-1,0.893,200.28,33945469250963963541781051637999677727672635213493648594066577298999471399137,,
2025-10-17 13:04:56+00:00,1760706296,SELL,-1,0.8939999601871965,16.778522,33945469250963963541781051637999677727672635213493648594066577298999471399137,,
2025-10-17 13:04:56+00:00,1760706296,BUY,1,0.8939999601871965,16.778522,33945469250963963541781051637999677727672635213493648594066577298999471399137,,
2025-10-17 13:05:48+00:00,1760706348,SELL,-1,0.893,322.94,33945469250963963541781051637999677727672635213493648594066577298999471399137,,
2025-10-17 13:05:50+00:00,1760706350,SELL,-1,0.8939999272283914,11.185681,33945469250963963541781051637999677727672635213493648594066577298999471399137,,
2025-10-17 13:05:50+00:00,1760706350,BUY,1,0.8939999272283914,11.185681,33945469250963963541781051637999677727672635213493648594066577298999471399137,,
2025-10-17 13:05:58+00:00,1760706358,SELL,-1,0.893999999540484,1118.568231,33945469250963963541781051637999677727672635213493648594066577298999471399137,,
2025-10-17 13:05:58+00:00,1760706358,BUY,1,0.893999999540484,1118.568231,33945469250963963541781051637999677727672635213493648594066577298999471399137,,
2025-10-17 13:06:06+00:00,1760706366,SELL,-1,0.893,322.89,33945469250963963541781051637999677727672635213493648594066577298999471399137,,
2025-10-17 13:06:42+00:00,1760706402,SELL,-1,0.89399999855172,559.284115,33945469250963963541781051637999677727672635213493648594066577298999471399137,,
2025-10-17 13:06:42+00:00,1760706402,BUY,1,0.89399999855172,559.284115,33945469250963963541781051637999677727672635213493648594066577298999471399137,,
2025-10-17 13:08:06+00:00,1760706486,BUY,1,0.8939999999914586,2809.843396,33945469250963963541781051637999677727672635213493648594066577298999471399137,,
2025-10-17 13:08:06+00:00,1760706486,SELL,-1,0.894,20.0,33945469250963963541781051637999677727672635213493648594066577298999471399137,,
2025-10-17 13:08:06+00:00,1760706486,SELL,-1,0.894,9.0,33945469250963963541781051637999677727672635213493648594066577298999471399137,,
2025-10-17 13:08:06+00:00,1760706486,SELL,-1,0.894,47.0,33945469250963963541781051637999677727672635213493648594066577298999471399137,,
2025-10-17 13:08:06+00:00,1760706486,SELL,-1,0.894,48.0,33945469250963963541781051637999677727672635213493648594066577298999471399137,,
2025-10-17 13:08:06+00:00,1760706486,SELL,-1,0.894,44.0,33945469250963963541781051637999677727672635213493648594066577298999471399137,,
2025-10-17 13:08:24+00:00,1760706504,SELL,-1,0.893,25.9,33945469250963963541781051637999677727672635213493648594066577298999471399137,,
2025-10-17 13:08:48+00:00,1760706528,BUY,1,0.8939999976755993,11.185679,33945469250963963541781051637999677727672635213493648594066577298999471399137,,
2025-10-17 13:10:00+00:00,1760706600,BUY,1,0.893999998822869,32.281877,33945469250963963541781051637999677727672635213493648594066577298999471399137,,
2025-10-17 13:11:02+00:00,1760706662,SELL,-1,0.893,1138.37,33945469250963963541781051637999677727672635213493648594066577298999471399137,,
2025-10-17 13:11:20+00:00,1760706680,SELL,-1,0.893,1138.35,33945469250963963541781051637999677727672635213493648594066577298999471399137,,
2025-10-17 13:11:20+00:00,1760706680,BUY,1,0.893,554.89,33945469250963963541781051637999677727672635213493648594066577298999471399137,,
2025-10-17 13:11:36+00:00,1760706696,SELL,-1,0.893,1025.05,33945469250963963541781051637999677727672635213493648594066577298999471399137,,
2025-10-17 13:11:36+00:00,1760706696,BUY,1,0.893,1025.05,33945469250963963541781051637999677727672635213493648594066577298999471399137,,
2025-10-17 13:12:10+00:00,1760706730,SELL,-1,0.893,851.84,33945469250963963541781051637999677727672635213493648594066577298999471399137,,
2025-10-17 13:12:10+00:00,1760706730,BUY,1,0.893,851.84,33945469250963963541781051637999677727672635213493648594066577298999471399137,,
2025-10-17 13:12:20+00:00,1760706740,BUY,1,0.894,10.0,33945469250963963541781051637999677727672635213493648594066577298999471399137,,
2025-10-17 13:12:32+00:00,1760706752,SELL,-1,0.893,910.12,33945469250963963541781051637999677727672635213493648594066577298999471399137,,
2025-10-17 13:12:32+00:00,1760706752,BUY,1,0.893,910.12,33945469250963963541781051637999677727672635213493648594066577298999471399137,,
2025-10-17 13:13:40+00:00,1760706820,BUY,1,0.8939999964239929,1.118566,33945469250963963541781051637999677727672635213493648594066577298999471399137,,
2025-10-17 13:14:36+00:00,1760706876,BUY,1,0.894,100.0,33945469250963963541781051637999677727672635213493648594066577298999471399137,,
2025-10-17 13:14:42+00:00,1760706882,BUY,1,0.8930000407259936,21.214952,33945469250963963541781051637999677727672635213493648594066577298999471399137,,
2025-10-17 13:14:48+00:00,1760706888,BUY,1,0.8939999964239929,1.118566,33945469250963963541781051637999677727672635213493648594066577298999471399137,,
2025-10-17 13:14:50+00:00,1760706890,BUY,1,0.893,100.0,33945469250963963541781051637999677727672635213493648594066577298999471399137,,
2025-10-17 13:17:14+00:00,1760707034,BUY,1,0.8939999985832011,14.11633,33945469250963963541781051637999677727672635213493648594066577298999471399137,,
2025-10-17 13:17:20+00:00,1760707040,SELL,-1,0.893,14.11,33945469250963963541781051637999677727672635213493648594066577298999471399137,,
2025-10-17 13:17:20+00:00,1760707040,BUY,1,0.893,14.11,33945469250963963541781051637999677727672635213493648594066577298999471399137,,
2025-10-17 13:17:58+00:00,1760707078,BUY,1,0.8939999964239929,1.118566,33945469250963963541781051637999677727672635213493648594066577298999471399137,,
2025-10-17 13:18:22+00:00,1760707102,BUY,1,0.8939999999627991,322.572698,33945469250963963541781051637999677727672635213493648594066577298999471399137,,
2025-10-17 13:18:38+00:00,1760707118,BUY,1,0.8939999999131858,322.527962,33945469250963963541781051637999677727672635213493648594066577298999471399137,,
2025-10-17 13:19:26+00:00,1760707166,BUY,1,0.8939999937561871,14.093952,33945469250963963541781051637999677727672635213493648594066577298999471399137,,
2025-10-17 13:19:32+00:00,1760707172,SELL,-1,0.893,14.1,33945469250963963541781051637999677727672635213493648594066577298999471399137,,
2025-10-17 13:19:32+00:00,1760707172,BUY,1,0.893,14.1,33945469250963963541781051637999677727672635213493648594066577298999471399137,,
2025-10-17 13:19:58+00:00,1760707198,SELL,-1,0.893,10.0,33945469250963963541781051637999677727672635213493648594066577298999471399137,,
2025-10-17 13:19:58+00:00,1760707198,BUY,1,0.893,10.0,33945469250963963541781051637999677727672635213493648594066577298999471399137,,
2025-10-17 13:20:02+00:00,1760707202,SELL,-1,0.893,331.05,33945469250963963541781051637999677727672635213493648594066577298999471399137,,
2025-10-17 13:20:02+00:00,1760707202,BUY,1,0.893,331.05,33945469250963963541781051637999677727672635213493648594066577298999471399137,,
2025-10-17 13:22:42+00:00,1760707362,BUY,1,0.8930000005786447,1420.560746,33945469250963963541781051637999677727672635213493648594066577298999471399137,,
2025-10-17 13:23:24+00:00,1760707404,SELL,-1,0.893,113.37,33945469250963963541781051637999677727672635213493648594066577298999471399137,,
2025-10-17 13:23:24+00:00,1760707404,BUY,1,0.893,113.37,33945469250963963541781051637999677727672635213493648594066577298999471399137,,
2025-10-17 13:23:34+00:00,1760707414,BUY,1,0.894,1.23,33945469250963963541781051637999677727672635213493648594066577298999471399137,,
2025-10-17 13:24:22+00:00,1760707462,SELL,-1,0.894,939.25,33945469250963963541781051637999677727672635213493648594066577298999471399137,,
2025-10-17 13:24:22+00:00,1760707462,BUY,1,0.894,1000.0,33945469250963963541781051637999677727672635213493648594066577298999471399137,,
2025-10-17 13:24:24+00:00,1760707464,SELL,-1,0.8939999921470926,99.071587,33945469250963963541781051637999677727672635213493648594066577298999471399137,,
2025-10-17 13:24:24+00:00,1760707464,BUY,1,0.8939999921470926,99.071587,33945469250963963541781051637999677727672635213493648594066577298999471399137,,
2025-10-17 13:24:30+00:00,1760707470,SELL,-1,0.893,1000.0,33945469250963963541781051637999677727672635213493648594066577298999471399137,,
2025-10-17 13:24:30+00:00,1760707470,BUY,1,0.893,1000.0,33945469250963963541781051637999677727672635213493648594066577298999471399137,,
2025-10-17 13:24:42+00:00,1760707482,BUY,1,0.894,1000.0,33945469250963963541781051637999677727672635213493648594066577298999471399137,,
2025-10-17 13:24:42+00:00,1760707482,SELL,-1,0.894,1000.0,33945469250963963541781051637999677727672635213493648594066577298999471399137,,
2025-10-17 13:24:50+00:00,1760707490,SELL,-1,0.893,1000.0,33945469250963963541781051637999677727672635213493648594066577298999471399137,,
2025-10-17 13:24:50+00:00,1760707490,BUY,1,0.893,1000.0,33945469250963963541781051637999677727672635213493648594066577298999471399137,,
2025-10-17 13:25:30+00:00,1760707530,BUY,1,0.893,50.0,33945469250963963541781051637999677727672635213493648594066577298999471399137,,
2025-10-17 13:25:30+00:00,1760707530,BUY,1,0.893,400.0,33945469250963963541781051637999677727672635213493648594066577298999471399137,,
2025-10-17 13:25:30+00:00,1760707530,BUY,1,0.893,224.0,33945469250963963541781051637999677727672635213493648594066577298999471399137,,
2025-10-17 13:25:30+00:00,1760707530,BUY,1,0.893,13.44,33945469250963963541781051637999677727672635213493648594066577298999471399137,,
2025-10-17 13:25:30+00:00,1760707530,BUY,1,0.893,233.68,33945469250963963541781051637999677727672635213493648594066577298999471399137,,
2025-10-17 13:25:30+00:00,1760707530,BUY,1,0.893,342.0,33945469250963963541781051637999677727672635213493648594066577298999471399137,,
2025-10-17 13:25:30+00:00,1760707530,BUY,1,0.8930000005992806,1443.397195,33945469250963963541781051637999677727672635213493648594066577298999471399137,,
2025-10-17 13:25:30+00:00,1760707530,BUY,1,0.893,600.0,33945469250963963541781051637999677727672635213493648594066577298999471399137,,
2025-10-17 13:25:30+00:00,1760707530,BUY,1,0.893,95.38,33945469250963963541781051637999677727672635213493648594066577298999471399137,,
2025-10-17 13:25:30+00:00,1760707530,BUY,1,0.893,854.0,33945469250963963541781051637999677727672635213493648594066577298999471399137,,
2025-10-17 13:25:30+00:00,1760707530,BUY,1,0.893,270.0,33945469250963963541781051637999677727672635213493648594066577298999471399137,,
2025-10-17 13:25:46+00:00,1760707546,SELL,-1,0.894,906.09,33945469250963963541781051637999677727672635213493648594066577298999471399137,,
2025-10-17 13:25:46+00:00,1760707546,SELL,-1,0.894,198.8,33945469250963963541781051637999677727672635213493648594066577298999471399137,,
2025-10-17 13:27:20+00:00,1760707640,BUY,1,0.8930000095819228,89.439251,33945469250963963541781051637999677727672635213493648594066577298999471399137,,
2025-10-17 13:28:12+00:00,1760707692,BUY,1,0.893,431.16,33945469250963963541781051637999677727672635213493648594066577298999471399137,,
2025-10-17 13:28:12+00:00,1760707692,BUY,1,0.893,593.41,33945469250963963541781051637999677727672635213493648594066577298999471399137,,
2025-10-17 13:28:12+00:00,1760707692,SELL,-1,0.893,1024.57,33945469250963963541781051637999677727672635213493648594066577298999471399137,,
2025-10-17 13:28:50+00:00,1760707730,SELL,-1,0.8939997542939441,1.733779,33945469250963963541781051637999677727672635213493648594066577298999471399137,,
2025-10-17 13:28:50+00:00,1760707730,BUY,1,0.8939997542939441,1.733779,33945469250963963541781051637999677727672635213493648594066577298999471399137,,
2025-10-17 13:29:30+00:00,1760707770,BUY,1,0.8939999990894327,395.35794,33945469250963963541781051637999677727672635213493648594066577298999471399137,,
2025-10-17 13:29:30+00:00,1760707770,SELL,-1,0.8939999990894327,395.35794,33945469250963963541781051637999677727672635213493648594066577298999471399137,,
2025-10-17 13:29:48+00:00,1760707788,BUY,1,0.8939991971871153,1.118567,33945469250963963541781051637999677727672635213493648594066577298999471399137,,
2025-10-17 13:29:48+00:00,1760707788,BUY,1,0.8939999983367724,330.682325,33945469250963963541781051637999677727672635213493648594066577298999471399137,,
2025-10-17 13:29:48+00:00,1760707788,SELL,-1,0.8939999983367724,330.682325,33945469250963963541781051637999677727672635213493648594066577298999471399137,,
2025-10-17 13:29:48+00:00,1760707788,SELL,-1,0.8939991971871153,1.118567,33945469250963963541781051637999677727672635213493648594066577298999471399137,,
2025-10-17 13:30:10+00:00,1760707810,SELL,-1,0.893,358.1,33945469250963963541781051637999677727672635213493648594066577298999471399137,,
2025-10-17 13:30:10+00:00,1760707810,BUY,1,0.893,201.51,33945469250963963541781051637999677727672635213493648594066577298999471399137,,
2025-10-17 13:30:10+00:00,1760707810,BUY,1,0.893,156.59,33945469250963963541781051637999677727672635213493648594066577298999471399137,,
2025-10-17 13:30:32+00:00,1760707832,SELL,-1,0.893,332.64,33945469250963963541781051637999677727672635213493648594066577298999471399137,,
2025-10-17 13:30:32+00:00,1760707832,BUY,1,0.893,332.64,33945469250963963541781051637999677727672635213493648594066577298999471399137,,
2025-10-17 13:30:50+00:00,1760707850,SELL,-1,0.893,344.19,33945469250963963541781051637999677727672635213493648594066577298999471399137,,
2025-10-17 13:30:50+00:00,1760707850,BUY,1,0.893,296.34,33945469250963963541781051637999677727672635213493648594066577298999471399137,,
2025-10-17 13:30:50+00:00,1760707850,BUY,1,0.893,47.85,33945469250963963541781051637999677727672635213493648594066577298999471399137,,
2025-10-17 13:31:18+00:00,1760707878,BUY,1,0.893,75.66,33945469250963963541781051637999677727672635213493648594066577298999471399137,,
2025-10-17 13:31:18+00:00,1760707878,SELL,-1,0.893,355.32,33945469250963963541781051637999677727672635213493648594066577298999471399137,,
2025-10-17 13:31:18+00:00,1760707878,BUY,1,0.893,279.66,33945469250963963541781051637999677727672635213493648594066577298999471399137,,
2025-10-17 13:32:00+00:00,1760707920,BUY,1,0.8939991971871153,1.118567,33945469250963963541781051637999677727672635213493648594066577298999471399137,,
2025-10-17 13:32:00+00:00,1760707920,BUY,1,0.8939999999983637,2444.552566,33945469250963963541781051637999677727672635213493648594066577298999471399137,,
2025-10-17 13:32:00+00:00,1760707920,SELL,-1,0.894,1235.0,33945469250963963541781051637999677727672635213493648594066577298999471399137,,
2025-10-17 13:32:00+00:00,1760707920,SELL,-1,0.8939991971871153,1.118567,33945469250963963541781051637999677727672635213493648594066577298999471399137,,
2025-10-17 13:32:52+00:00,1760707972,BUY,1,0.8930000905304043,9.532709,33945469250963963541781051637999677727672635213493648594066577298999471399137,,
2025-10-17 13:33:10+00:00,1760707990,BUY,1,0.8939999964239929,1.118566,33945469250963963541781051637999677727672635213493648594066577298999471399137,,
2025-10-17 13:34:06+00:00,1760708046,BUY,1,0.8939999894974168,7.807603,33945469250963963541781051637999677727672635213493648594066577298999471399137,,
2025-10-17 13:34:20+00:00,1760708060,BUY,1,0.8939999999660622,1178.62416,33945469250963963541781051637999677727672635213493648594066577298999471399137,,
2025-10-17 13:34:22+00:00,1760708062,BUY,1,0.8939999964239929,1.118566,33945469250963963541781051637999677727672635213493648594066577298999471399137,,
2025-10-17 13:34:30+00:00,1760708070,BUY,1,0.893999999975933,1246.521245,33945469250963963541781051637999677727672635213493648594066577298999471399137,,
2025-10-17 13:34:42+00:00,1760708082,BUY,1,0.8939999999610029,1230.861292,33945469250963963541781051637999677727672635213493648594066577298999471399137,,
2025-10-17 13:34:50+00:00,1760708090,BUY,1,0.8939999999710346,1173.814311,33945469250963963541781051637999677727672635213493648594066577298999471399137,,
2025-10-17 13:34:58+00:00,1760708098,BUY,1,0.8939999995676559,1207.371363,33945469250963963541781051637999677727672635213493648594066577298999471399137,,
2025-10-17 13:34:58+00:00,1760708098,SELL,-1,0.8939999980937172,273.831363,33945469250963963541781051637999677727672635213493648594066577298999471399137,,
2025-10-17 13:35:30+00:00,1760708130,BUY,1,0.8939991971871153,1.118567,33945469250963963541781051637999677727672635213493648594066577298999471399137,,
2025-10-17 13:35:30+00:00,1760708130,SELL,-1,0.8939991971871153,1.118567,33945469250963963541781051637999677727672635213493648594066577298999471399137,,
2025-10-17 13:35:32+00:00,1760708132,SELL,-1,0.893,135.9,33945469250963963541781051637999677727672635213493648594066577298999471399137,,
2025-10-17 13:35:32+00:00,1760708132,SELL,-1,0.894,125.04,33945469250963963541781051637999677727672635213493648594066577298999471399137,,
2025-10-17 13:35:32+00:00,1760708132,BUY,1,0.893,135.9,33945469250963963541781051637999677727672635213493648594066577298999471399137,,
2025-10-17 13:35:32+00:00,1760708132,BUY,1,0.894,2865.0,33945469250963963541781051637999677727672635213493648594066577298999471399137,,
2025-10-17 13:36:50+00:00,1760708210,BUY,1,0.8939999964239929,1.118566,33945469250963963541781051637999677727672635213493648594066577298999471399137,,
2025-10-17 13:37:38+00:00,1760708258,SELL,-1,0.893,11.31,33945469250963963541781051637999677727672635213493648594066577298999471399137,,
2025-10-17 13:37:38+00:00,1760708258,BUY,1,0.893,11.31,33945469250963963541781051637999677727672635213493648594066577298999471399137,,
2025-10-17 13:37:54+00:00,1760708274,BUY,1,0.8939999964239929,1.118566,33945469250963963541781051637999677727672635213493648594066577298999471399137,,
2025-10-17 13:37:58+00:00,1760708278,BUY,1,0.894,60.0,33945469250963963541781051637999677727672635213493648594066577298999471399137,,
2025-10-17 13:38:04+00:00,1760708284,BUY,1,0.894,600.0,33945469250963963541781051637999677727672635213493648594066577298999471399137,,
2025-10-17 13:38:16+00:00,1760708296,BUY,1,0.893,60.0,33945469250963963541781051637999677727672635213493648594066577298999471399137,,
2025-10-17 13:38:20+00:00,1760708300,SELL,-1,0.893,87.68,33945469250963963541781051637999677727672635213493648594066577298999471399137,,
2025-10-17 13:38:20+00:00,1760708300,BUY,1,0.893,87.68,33945469250963963541781051637999677727672635213493648594066577298999471399137,,
2025-10-17 13:38:30+00:00,1760708310,BUY,1,0.894,488.0,33945469250963963541781051637999677727672635213493648594066577298999471399137,,
2025-10-17 13:39:10+00:00,1760708350,BUY,1,0.894,461.44,33945469250963963541781051637999677727672635213493648594066577298999471399137,,
2025-10-17 13:39:20+00:00,1760708360,BUY,1,0.8939999964239929,1.118566,33945469250963963541781051637999677727672635213493648594066577298999471399137,,
2025-10-17 13:39:28+00:00,1760708368,BUY,1,0.8939999881991955,5.592839,33945469250963963541781051637999677727672635213493648594066577298999471399137,,
2025-10-17 13:40:28+00:00,1760708428,BUY,1,0.8939999964239929,1.118566,33945469250963963541781051637999677727672635213493648594066577298999471399137,,
2025-10-17 13:41:28+00:00,1760708488,BUY,1,0.8939999964239929,1.118566,33945469250963963541781051637999677727672635213493648594066577298999471399137,,
2025-10-17 13:41:56+00:00,1760708516,SELL,-1,0.894,402.6,33945469250963963541781051637999677727672635213493648594066577298999471399137,,
2025-10-17 13:41:56+00:00,1760708516,BUY,1,0.894,1055.0,33945469250963963541781051637999677727672635213493648594066577298999471399137,,
2025-10-17 13:42:14+00:00,1760708534,BUY,1,0.894,4157.42,33945469250963963541781051637999677727672635213493648594066577298999471399137,,
2025-10-17 13:42:14+00:00,1760708534,SELL,-1,0.894,582.0,33945469250963963541781051637999677727672635213493648594066577298999471399137,,
2025-10-17 13:42:14+00:00,1760708534,SELL,-1,0.894,2865.02,33945469250963963541781051637999677727672635213493648594066577298999471399137,,
2025-10-17 13:42:14+00:00,1760708534,SELL,-1,0.894,173.4,33945469250963963541781051637999677727672635213493648594066577298999471399137,,
2025-10-17 13:42:14+00:00,1760708534,SELL,-1,0.894,50.0,33945469250963963541781051637999677727672635213493648594066577298999471399137,,
2025-10-17 13:42:14+00:00,1760708534,SELL,-1,0.894,487.0,33945469250963963541781051637999677727672635213493648594066577298999471399137,,
2025-10-17 13:42:28+00:00,1760708548,SELL,-1,0.8949993600741777,1.117317,33945469250963963541781051637999677727672635213493648594066577298999471399137,,
2025-10-17 13:42:28+00:00,1760708548,BUY,1,0.8949993600741777,1.117317,33945469250963963541781051637999677727672635213493648594066577298999471399137,,
2025-10-17 13:42:44+00:00,1760708564,SELL,-1,0.895,20.47,33945469250963963541781051637999677727672635213493648594066577298999471399137,,
2025-10-17 13:43:22+00:00,1760708602,SELL,-1,0.8949993600741777,1.117317,33945469250963963541781051637999677727672635213493648594066577298999471399137,,
2025-10-17 13:43:22+00:00,1760708602,BUY,1,0.8949993600741777,1.117317,33945469250963963541781051637999677727672635213493648594066577298999471399137,,
2025-10-17 13:43:40+00:00,1760708620,SELL,-1,0.895,17.24,33945469250963963541781051637999677727672635213493648594066577298999471399137,,
2025-10-17 13:43:40+00:00,1760708620,BUY,1,0.8949999999912048,2842.458095,33945469250963963541781051637999677727672635213493648594066577298999471399137,,
2025-10-17 13:43:54+00:00,1760708634,BUY,1,0.895,480.0,33945469250963963541781051637999677727672635213493648594066577298999471399137,,
2025-10-17 13:44:20+00:00,1760708660,BUY,1,0.8949999999104999,111.731838,33945469250963963541781051637999677727672635213493648594066577298999471399137,,
2025-10-17 13:44:22+00:00,1760708662,BUY,1,0.8949999731498934,1.117314,33945469250963963541781051637999677727672635213493648594066577298999471399137,,
2025-10-17 13:44:32+00:00,1760708672,BUY,1,0.89499999990155,558.659209,33945469250963963541781051637999677727672635213493648594066577298999471399137,,
2025-10-17 13:44:38+00:00,1760708678,BUY,1,0.894,147.54,33945469250963963541781051637999677727672635213493648594066577298999471399137,,
2025-10-17 13:44:38+00:00,1760708678,SELL,-1,0.894,147.54,33945469250963963541781051637999677727672635213493648594066577298999471399137,,
2025-10-17 13:44:56+00:00,1760708696,BUY,1,0.8949999998466511,358.659209,33945469250963963541781051637999677727672635213493648594066577298999471399137,,
2025-10-17 13:45:16+00:00,1760708716,BUY,1,0.8949999992891183,14.067038,33945469250963963541781051637999677727672635213493648594066577298999471399137,,
2025-10-17 13:45:18+00:00,1760708718,BUY,1,0.8949999731498934,1.117314,33945469250963963541781051637999677727672635213493648594066577298999471399137,,
2025-10-17 13:45:22+00:00,1760708722,SELL,-1,0.894,14.06,33945469250963963541781051637999677727672635213493648594066577298999471399137,,
2025-10-17 13:45:22+00:00,1760708722,BUY,1,0.894,14.06,33945469250963963541781051637999677727672635213493648594066577298999471399137,,
2025-10-17 13:46:10+00:00,1760708770,BUY,1,0.8949999731498934,1.117314,33945469250963963541781051637999677727672635213493648594066577298999471399137,,
2025-10-17 13:46:56+00:00,1760708816,SELL,-1,0.894,224.0,33945469250963963541781051637999677727672635213493648594066577298999471399137,,
2025-10-17 13:46:56+00:00,1760708816,BUY,1,0.894,224.0,33945469250963963541781051637999677727672635213493648594066577298999471399137,,
2025-10-17 13:47:02+00:00,1760708822,BUY,1,0.8949999731498934,1.117314,33945469250963963541781051637999677727672635213493648594066577298999471399137,,
2025-10-17 13:47:18+00:00,1760708838,SELL,-1,0.894,322.57,33945469250963963541781051637999677727672635213493648594066577298999471399137,,
2025-10-17 13:47:18+00:00,1760708838,BUY,1,0.894,322.57,33945469250963963541781051637999677727672635213493648594066577298999471399137,,
2025-10-17 13:47:42+00:00,1760708862,BUY,1,0.894,322.53,33945469250963963541781051637999677727672635213493648594066577298999471399137,,
2025-10-17 13:47:42+00:00,1760708862,SELL,-1,0.894,322.53,33945469250963963541781051637999677727672635213493648594066577298999471399137,,
2025-10-17 13:47:58+00:00,1760708878,BUY,1,0.8949999731498934,1.117314,33945469250963963541781051637999677727672635213493648594066577298999471399137,,
2025-10-17 13:48:46+00:00,1760708926,BUY,1,0.8949999986981816,61.452504,33945469250963963541781051637999677727672635213493648594066577298999471399137,,
2025-10-17 13:48:50+00:00,1760708930,SELL,-1,0.894,102.39,33945469250963963541781051637999677727672635213493648594066577298999471399137,,
2025-10-17 13:48:50+00:00,1760708930,BUY,1,0.894,102.39,33945469250963963541781051637999677727672635213493648594066577298999471399137,,
2025-10-17 13:48:52+00:00,1760708932,BUY,1,0.8949999731498934,1.117314,33945469250963963541781051637999677727672635213493648594066577298999471399137,,
2025-10-17 13:49:48+00:00,1760708988,BUY,1,0.8949999731498934,1.117314,33945469250963963541781051637999677727672635213493648594066577298999471399137,,
2025-10-17 13:50:12+00:00,1760709012,BUY,1,0.8949999994706989,103.910609,33945469250963963541781051637999677727672635213493648594066577298999471399137,,
2025-10-17 13:50:42+00:00,1760709042,BUY,1,0.8949999731498934,1.117314,33945469250963963541781051637999677727672635213493648594066577298999471399137,,
2025-10-17 13:51:40+00:00,1760709100,BUY,1,0.895,230.0,33945469250963963541781051637999677727672635213493648594066577298999471399137,,
2025-10-17 13:51:54+00:00,1760709114,BUY,1,0.8949999731498934,1.117314,33945469250963963541781051637999677727672635213493648594066577298999471399137,,
2025-10-17 13:51:56+00:00,1760709116,BUY,1,0.894,230.0,33945469250963963541781051637999677727672635213493648594066577298999471399137,,
2025-10-17 13:52:10+00:00,1760709130,BUY,1,0.894,1300.0,33945469250963963541781051637999677727672635213493648594066577298999471399137,,
2025-10-17 13:53:28+00:00,1760709208,BUY,1,0.894,134.52,33945469250963963541781051637999677727672635213493648594066577298999471399137,,
2025-10-17 13:53:28+00:00,1760709208,SELL,-1,0.894,134.52,33945469250963963541781051637999677727672635213493648594066577298999471399137,,
2025-10-17 13:54:46+00:00,1760709286,BUY,1,0.8940000087556002,94.339621,33945469250963963541781051637999677727672635213493648594066577298999471399137,,
2025-10-17 13:56:46+00:00,1760709406,BUY,1,0.895790431156167,32085.59,33945469250963963541781051637999677727672635213493648594066577298999471399137,,
2025-10-17 13:56:46+00:00,1760709406,SELL,-1,0.895,2842.46,33945469250963963541781051637999677727672635213493648594066577298999471399137,,
2025-10-17 13:56:46+00:00,1760709406,SELL,-1,0.896,5713.71,33945469250963963541781051637999677727672635213493648594066577298999471399137,,
2025-10-17 13:56:46+00:00,1760709406,SELL,-1,0.895,480.0,33945469250963963541781051637999677727672635213493648594066577298999471399137,,
2025-10-17 13:56:46+00:00,1760709406,SELL,-1,0.897,518.87,33945469250963963541781051637999677727672635213493648594066577298999471399137,,
2025-10-17 13:56:46+00:00,1760709406,SELL,-1,0.897,5.0,33945469250963963541781051637999677727672635213493648594066577298999471399137,,
2025-10-17 13:56:46+00:00,1760709406,SELL,-1,0.896,10000.0,33945469250963963541781051637999677727672635213493648594066577298999471399137,,
2025-10-17 13:57:00+00:00,1760709420,BUY,1,0.897,50.0,33945469250963963541781051637999677727672635213493648594066577298999471399137,,
2025-10-17 13:57:08+00:00,1760709428,BUY,1,0.897000076773162,10.485435,33945469250963963541781051637999677727672635213493648594066577298999471399137,,
2025-10-17 13:57:46+00:00,1760709466,SELL,-1,0.898,10.0,33945469250963963541781051637999677727672635213493648594066577298999471399137,,
2025-10-17 13:57:46+00:00,1760709466,SELL,-1,0.898,84.0,33945469250963963541781051637999677727672635213493648594066577298999471399137,,
2025-10-17 13:57:46+00:00,1760709466,SELL,-1,0.898,101.0,33945469250963963541781051637999677727672635213493648594066577298999471399137,,
2025-10-17 13:57:46+00:00,1760709466,BUY,1,0.898,478.0,33945469250963963541781051637999677727672635213493648594066577298999471399137,,
2025-10-17 14:00:58+00:00,1760709658,SELL,-1,0.897,330.69,33945469250963963541781051637999677727672635213493648594066577298999471399137,,
2025-10-17 14:00:58+00:00,1760709658,BUY,1,0.897,330.69,33945469250963963541781051637999677727672635213493648594066577298999471399137,,
2025-10-17 14:01:16+00:00,1760709676,SELL,-1,0.897,395.36,33945469250963963541781051637999677727672635213493648594066577298999471399137,,
2025-10-17 14:01:16+00:00,1760709676,BUY,1,0.897,395.36,33945469250963963541781051637999677727672635213493648594066577298999471399137,,
2025-10-17 14:01:30+00:00,1760709690,BUY,1,0.8979999604877251,1.113578,33945469250963963541781051637999677727672635213493648594066577298999471399137,,
2025-10-17 14:01:46+00:00,1760709706,BUY,1,0.897,100.0,33945469250963963541781051637999677727672635213493648594066577298999471399137,,
2025-10-17 14:01:46+00:00,1760709706,SELL,-1,0.897,100.0,33945469250963963541781051637999677727672635213493648594066577298999471399137,,
2025-10-17 14:02:16+00:00,1760709736,BUY,1,0.897000083224016,9.708736,33945469250963963541781051637999677727672635213493648594066577298999471399137,,
2025-10-17 14:03:08+00:00,1760709788,BUY,1,0.8979999895831855,5.567921,33945469250963963541781051637999677727672635213493648594066577298999471399137,,
2025-10-17 14:03:10+00:00,1760709790,BUY,1,0.8979999999214004,330.790637,33945469250963963541781051637999677727672635213493648594066577298999471399137,,
2025-10-17 14:04:02+00:00,1760709842,BUY,1,0.897,8296.25,33945469250963963541781051637999677727672635213493648594066577298999471399137,,
2025-10-17 14:04:02+00:00,1760709842,BUY,1,0.8970000361766415,23.689319,33945469250963963541781051637999677727672635213493648594066577298999471399137,,
2025-10-17 14:04:02+00:00,1760709842,BUY,1,0.8970000029246061,289.611649,33945469250963963541781051637999677727672635213493648594066577298999471399137,,
2025-10-17 14:04:46+00:00,1760709886,BUY,1,0.8979999877273233,6.681509,33945469250963963541781051637999677727672635213493648594066577298999471399137,,
2025-10-17 14:04:58+00:00,1760709898,BUY,1,0.897000083224016,9.708736,33945469250963963541781051637999677727672635213493648594066577298999471399137,,
2025-10-17 14:05:00+00:00,1760709900,BUY,1,0.897000083224016,9.708736,33945469250963963541781051637999677727672635213493648594066577298999471399137,,
2025-10-17 14:05:10+00:00,1760709910,SELL,-1,0.898,95.38,33945469250963963541781051637999677727672635213493648594066577298999471399137,,
2025-10-17 14:05:10+00:00,1760709910,SELL,-1,0.898,480.0,33945469250963963541781051637999677727672635213493648594066577298999471399137,,
2025-10-17 14:05:10+00:00,1760709910,BUY,1,0.898,1109.21,33945469250963963541781051637999677727672635213493648594066577298999471399137,,
2025-10-17 14:05:36+00:00,1760709936,BUY,1,0.8989082555023172,215.817346,33945469250963963541781051637999677727672635213493648594066577298999471399137,,
2025-10-17 14:05:44+00:00,1760709944,BUY,1,0.8979999999588666,340.356343,33945469250963963541781051637999677727672635213493648594066577298999471399137,,
2025-10-17 14:06:00+00:00,1760709960,BUY,1,0.897,340.0,33945469250963963541781051637999677727672635213493648594066577298999471399137,,
2025-10-17 14:06:16+00:00,1760709976,BUY,1,0.897000083224016,9.708736,33945469250963963541781051637999677727672635213493648594066577298999471399137,,
2025-10-17 14:06:22+00:00,1760709982,BUY,1,0.898,500.0,33945469250963963541781051637999677727672635213493648594066577298999471399137,,
2025-10-17 14:07:02+00:00,1760710022,BUY,1,0.897,435.61,33945469250963963541781051637999677727672635213493648594066577298999471399137,,
2025-10-17 14:07:14+00:00,1760710034,BUY,1,0.8979999913791957,11.135852,33945469250963963541781051637999677727672635213493648594066577298999471399137,,
2025-10-17 14:07:36+00:00,1760710056,BUY,1,0.8989999514539541,1.112346,33945469250963963541781051637999677727672635213493648594066577298999471399137,,
2025-10-17 14:07:38+00:00,1760710058,BUY,1,0.89899999911898,111.234702,33945469250963963541781051637999677727672635213493648594066577298999471399137,,
2025-10-17 14:07:56+00:00,1760710076,SELL,-1,0.898,50.0,33945469250963963541781051637999677727672635213493648594066577298999471399137,,
2025-10-17 14:07:56+00:00,1760710076,BUY,1,0.898,50.0,33945469250963963541781051637999677727672635213493648594066577298999471399137,,
2025-10-17 14:08:08+00:00,1760710088,BUY,1,0.897,50.0,33945469250963963541781051637999677727672635213493648594066577298999471399137,,
2025-10-17 14:08:14+00:00,1760710094,SELL,-1,0.898,1059.21,33945469250963963541781051637999677727672635213493648594066577298999471399137,,
2025-10-17 14:08:14+00:00,1760710094,BUY,1,0.898,1059.21,33945469250963963541781051637999677727672635213493648594066577298999471399137,,
2025-10-17 14:08:20+00:00,1760710100,BUY,1,0.898,200.0,33945469250963963541781051637999677727672635213493648594066577298999471399137,,
2025-10-17 14:08:50+00:00,1760710130,BUY,1,0.898,21.0,33945469250963963541781051637999677727672635213493648594066577298999471399137,,
2025-10-17 14:09:22+00:00,1760710162,BUY,1,0.8989999999992855,6998.153495,33945469250963963541781051637999677727672635213493648594066577298999471399137,,
2025-10-17 14:09:24+00:00,1760710164,SELL,-1,0.898,215.81,33945469250963963541781051637999677727672635213493648594066577298999471399137,,
2025-10-17 14:09:24+00:00,1760710164,BUY,1,0.898,215.81,33945469250963963541781051637999677727672635213493648594066577298999471399137,,
2025-10-17 14:09:44+00:00,1760710184,BUY,1,0.898,400.0,33945469250963963541781051637999677727672635213493648594066577298999471399137,,
2025-10-17 14:09:44+00:00,1760710184,BUY,1,0.898,50.0,33945469250963963541781051637999677727672635213493648594066577298999471399137,,
2025-10-17 14:09:44+00:00,1760710184,BUY,1,0.898,5729.02,33945469250963963541781051637999677727672635213493648594066577298999471399137,,
2025-10-17 14:09:44+00:00,1760710184,BUY,1,0.898,5.59,33945469250963963541781051637999677727672635213493648594066577298999471399137,,
2025-10-17 14:09:44+00:00,1760710184,BUY,1,0.898,768.98,33945469250963963541781051637999677727672635213493648594066577298999471399137,,
2025-10-17 14:09:44+00:00,1760710184,SELL,-1,0.898,6998.0,33945469250963963541781051637999677727672635213493648594066577298999471399137,,
2025-10-17 14:09:44+00:00,1760710184,SELL,-1,0.898,5.59,33945469250963963541781051637999677727672635213493648594066577298999471399137,,
2025-10-17 14:09:44+00:00,1760710184,BUY,1,0.898,50.0,33945469250963963541781051637999677727672635213493648594066577298999471399137,,
2025-10-17 14:09:44+00:00,1760710184,BUY,1,0.8989999995729749,44.493881,33945469250963963541781051637999677727672635213493648594066577298999471399137,,
2025-10-17 14:10:18+00:00,1760710218,SELL,-1,0.898,400.0,33945469250963963541781051637999677727672635213493648594066577298999471399137,,
2025-10-17 14:10:18+00:00,1760710218,BUY,1,0.898,400.0,33945469250963963541781051637999677727672635213493648594066577298999471399137,,
2025-10-17 14:10:28+00:00,1760710228,SELL,-1,0.898,1055.0,33945469250963963541781051637999677727672635213493648594066577298999471399137,,
2025-10-17 14:10:28+00:00,1760710228,BUY,1,0.898,1055.0,33945469250963963541781051637999677727672635213493648594066577298999471399137,,
2025-10-17 14:10:50+00:00,1760710250,SELL,-1,0.898,82.77,33945469250963963541781051637999677727672635213493648594066577298999471399137,,
2025-10-17 14:10:50+00:00,1760710250,BUY,1,0.898,82.77,33945469250963963541781051637999677727672635213493648594066577298999471399137,,
2025-10-17 14:11:36+00:00,1760710296,BUY,1,0.8989999996439604,73.025574,33945469250963963541781051637999677727672635213493648594066577298999471399137,,
2025-10-17 14:12:40+00:00,1760710360,SELL,-1,0.898,1098.43,33945469250963963541781051637999677727672635213493648594066577298999471399137,,
2025-10-17 14:12:40+00:00,1760710360,BUY,1,0.898,1098.43,33945469250963963541781051637999677727672635213493648594066577298999471399137,,
2025-10-17 14:13:04+00:00,1760710384,BUY,1,0.899,50.0,33945469250963963541781051637999677727672635213493648594066577298999471399137,,
2025-10-17 14:13:40+00:00,1760710420,BUY,1,0.899,24766.44,33945469250963963541781051637999677727672635213493648594066577298999471399137,,
2025-10-17 14:13:40+00:00,1760710420,SELL,-1,0.899,1259.21,33945469250963963541781051637999677727672635213493648594066577298999471399137,,
2025-10-17 14:13:40+00:00,1760710420,SELL,-1,0.899,300.0,33945469250963963541781051637999677727672635213493648594066577298999471399137,,
2025-10-17 14:13:44+00:00,1760710424,SELL,-1,0.9,200.0,33945469250963963541781051637999677727672635213493648594066577298999471399137,,
2025-10-17 14:13:54+00:00,1760710434,BUY,1,0.899,50.0,33945469250963963541781051637999677727672635213493648594066577298999471399137,,
2025-10-17 14:14:02+00:00,1760710442,BUY,1,0.8990000897890099,9.900989,33945469250963963541781051637999677727672635213493648594066577298999471399137,,
2025-10-17 14:14:06+00:00,1760710446,SELL,-1,0.899,1.11,33945469250963963541781051637999677727672635213493648594066577298999471399137,,
2025-10-17 14:14:06+00:00,1760710446,BUY,1,0.899,1.11,33945469250963963541781051637999677727672635213493648594066577298999471399137,,
2025-10-17 14:14:18+00:00,1760710458,BUY,1,0.9,543.84444,33945469250963963541781051637999677727672635213493648594066577298999471399137,,
2025-10-17 14:16:04+00:00,1760710564,BUY,1,0.9,11.11111,33945469250963963541781051637999677727672635213493648594066577298999471399137,,
2025-10-17 14:16:20+00:00,1760710580,BUY,1,0.9,497.77777,33945469250963963541781051637999677727672635213493648594066577298999471399137,,
2025-10-17 14:16:28+00:00,1760710588,BUY,1,0.899,50.0,33945469250963963541781051637999677727672635213493648594066577298999471399137,,
2025-10-17 14:16:36+00:00,1760710596,BUY,1,0.899,20.0,33945469250963963541781051637999677727672635213493648594066577298999471399137,,
2025-10-17 14:16:50+00:00,1760710610,BUY,1,0.9,1.11111,33945469250963963541781051637999677727672635213493648594066577298999471399137,,
2025-10-17 14:17:26+00:00,1760710646,BUY,1,0.9,27.77777,33945469250963963541781051637999677727672635213493648594066577298999471399137,,
2025-10-17 14:18:56+00:00,1760710736,SELL,-1,0.9,10.0,33945469250963963541781051637999677727672635213493648594066577298999471399137,,
2025-10-17 14:18:56+00:00,1760710736,SELL,-1,0.9,200.0,33945469250963963541781051637999677727672635213493648594066577298999471399137,,
2025-10-17 14:18:56+00:00,1760710736,SELL,-1,0.9,915.75,33945469250963963541781051637999677727672635213493648594066577298999471399137,,
2025-10-17 14:18:56+00:00,1760710736,BUY,1,0.9,46384.44,33945469250963963541781051637999677727672635213493648594066577298999471399137,,
2025-10-17 14:18:56+00:00,1760710736,SELL,-1,0.9,202.0,33945469250963963541781051637999677727672635213493648594066577298999471399137,,
2025-10-17 14:18:56+00:00,1760710736,SELL,-1,0.9,8.47,33945469250963963541781051637999677727672635213493648594066577298999471399137,,
2025-10-17 14:18:56+00:00,1760710736,SELL,-1,0.9,100.0,33945469250963963541781051637999677727672635213493648594066577298999471399137,,
2025-10-17 14:18:56+00:00,1760710736,SELL,-1,0.9,8370.85,33945469250963963541781051637999677727672635213493648594066577298999471399137,,
2025-10-17 14:18:56+00:00,1760710736,SELL,-1,0.9,500.0,33945469250963963541781051637999677727672635213493648594066577298999471399137,,
2025-10-17 14:18:56+00:00,1760710736,SELL,-1,0.9,79.23,33945469250963963541781051637999677727672635213493648594066577298999471399137,,
2025-10-17 14:18:56+00:00,1760710736,SELL,-1,0.9,1005.79,33945469250963963541781051637999677727672635213493648594066577298999471399137,,
2025-10-17 14:19:08+00:00,1760710748,BUY,1,0.9,5555.5,33945469250963963541781051637999677727672635213493648594066577298999471399137,,
2025-10-17 14:19:34+00:00,1760710774,SELL,-1,0.901,14401.91,33945469250963963541781051637999677727672635213493648594066577298999471399137,,
2025-10-17 14:19:46+00:00,1760710786,SELL,-1,0.901,100.0,33945469250963963541781051637999677727672635213493648594066577298999471399137,,
2025-10-17 14:19:46+00:00,1760710786,BUY,1,0.901,100.0,33945469250963963541781051637999677727672635213493648594066577298999471399137,,
2025-10-17 14:19:50+00:00,1760710790,SELL,-1,0.901,14135.78,33945469250963963541781051637999677727672635213493648594066577298999471399137,,
2025-10-17 14:20:56+00:00,1760710856,SELL,-1,0.9,1.11,33945469250963963541781051637999677727672635213493648594066577298999471399137,,
2025-10-17 14:20:56+00:00,1760710856,BUY,1,0.9,1.11,33945469250963963541781051637999677727672635213493648594066577298999471399137,,
2025-10-17 14:21:08+00:00,1760710868,BUY,1,0.9009998405228687,2.219754,33945469250963963541781051637999677727672635213493648594066577298999471399137,,
2025-10-17 14:21:08+00:00,1760710868,SELL,-1,0.9009998405228687,2.219754,33945469250963963541781051637999677727672635213493648594066577298999471399137,,
2025-10-17 14:21:30+00:00,1760710890,SELL,-1,0.9,1.11,33945469250963963541781051637999677727672635213493648594066577298999471399137,,
2025-10-17 14:21:30+00:00,1760710890,BUY,1,0.9,1.11,33945469250963963541781051637999677727672635213493648594066577298999471399137,,
2025-10-17 14:21:30+00:00,1760710890,BUY,1,0.9,400.0,33945469250963963541781051637999677727672635213493648594066577298999471399137,,
2025-10-17 14:21:30+00:00,1760710890,BUY,1,0.9,50.0,33945469250963963541781051637999677727672635213493648594066577298999471399137,,
2025-10-17 14:21:30+00:00,1760710890,BUY,1,0.9,57.84,33945469250963963541781051637999677727672635213493648594066577298999471399137,,
2025-10-17 14:21:42+00:00,1760710902,SELL,-1,0.901,1102.8,33945469250963963541781051637999677727672635213493648594066577298999471399137,,
2025-10-17 14:23:46+00:00,1760711026,BUY,1,0.9,1.11111,33945469250963963541781051637999677727672635213493648594066577298999471399137,,
2025-10-17 14:23:52+00:00,1760711032,BUY,1,0.9,50.0,33945469250963963541781051637999677727672635213493648594066577298999471399137,,
2025-10-17 14:24:02+00:00,1760711042,BUY,1,0.9,85.51111,33945469250963963541781051637999677727672635213493648594066577298999471399137,,
2025-10-17 14:24:08+00:00,1760711048,BUY,1,0.899,40.0,33945469250963963541781051637999677727672635213493648594066577298999471399137,,
2025-10-17 14:24:50+00:00,1760711090,BUY,1,0.9,11.11111,33945469250963963541781051637999677727672635213493648594066577298999471399137,,
2025-10-17 14:25:22+00:00,1760711122,BUY,1,0.8990000342414657,24.356434,33945469250963963541781051637999677727672635213493648594066577298999471399137,,
2025-10-17 14:25:46+00:00,1760711146,BUY,1,0.9,5.55555,33945469250963963541781051637999677727672635213493648594066577298999471399137,,
2025-10-17 14:26:22+00:00,1760711182,BUY,1,0.9,1500.0,33945469250963963541781051637999677727672635213493648594066577298999471399137,,
2025-10-17 14:27:20+00:00,1760711240,BUY,1,0.9,5.55555,33945469250963963541781051637999677727672635213493648594066577298999471399137,,
2025-10-17 14:27:42+00:00,1760711262,SELL,-1,0.9,400.0,33945469250963963541781051637999677727672635213493648594066577298999471399137,,
2025-10-17 14:27:56+00:00,1760711276,SELL,-1,0.9,22.05,33945469250963963541781051637999677727672635213493648594066577298999471399137,,
2025-10-17 14:28:40+00:00,1760711320,SELL,-1,0.900999911882191,11.098778,33945469250963963541781051637999677727672635213493648594066577298999471399137,,
2025-10-17 14:28:40+00:00,1760711320,BUY,1,0.900999911882191,11.098778,33945469250963963541781051637999677727672635213493648594066577298999471399137,,
2025-10-17 14:29:08+00:00,1760711348,SELL,-1,0.90099999918009,554.938955,33945469250963963541781051637999677727672635213493648594066577298999471399137,,
2025-10-17 14:29:08+00:00,1760711348,BUY,1,0.90099999918009,554.938955,33945469250963963541781051637999677727672635213493648594066577298999471399137,,
2025-10-17 14:29:16+00:00,1760711356,SELL,-1,0.9009999974756793,263.041064,33945469250963963541781051637999677727672635213493648594066577298999471399137,,
2025-10-17 14:29:16+00:00,1760711356,BUY,1,0.9009999974756793,263.041064,33945469250963963541781051637999677727672635213493648594066577298999471399137,,
2025-10-17 14:29:26+00:00,1760711366,SELL,-1,0.901,55.0,33945469250963963541781051637999677727672635213493648594066577298999471399137,,
2025-10-17 14:29:26+00:00,1760711366,BUY,1,0.901,55.0,33945469250963963541781051637999677727672635213493648594066577298999471399137,,
2025-10-17 14:31:18+00:00,1760711478,SELL,-1,0.9,60.0,33945469250963963541781051637999677727672635213493648594066577298999471399137,,
2025-10-17 14:31:20+00:00,1760711480,BUY,1,0.901,700.0,33945469250963963541781051637999677727672635213493648594066577298999471399137,,
2025-10-17 14:31:20+00:00,1760711480,SELL,-1,0.901,700.0,33945469250963963541781051637999677727672635213493648594066577298999471399137,,
2025-10-17 14:32:26+00:00,1760711546,SELL,-1,0.901,3500.0,33945469250963963541781051637999677727672635213493648594066577298999471399137,,
2025-10-17 14:32:26+00:00,1760711546,BUY,1,0.901,3500.0,33945469250963963541781051637999677727672635213493648594066577298999471399137,,
2025-10-17 14:33:10+00:00,1760711590,SELL,-1,0.9,4.53,33945469250963963541781051637999677727672635213493648594066577298999471399137,,
2025-10-17 14:33:56+00:00,1760711636,SELL,-1,0.9009997513235712,1.109876,33945469250963963541781051637999677727672635213493648594066577298999471399137,,
2025-10-17 14:33:56+00:00,1760711636,BUY,1,0.9009997513235712,1.109876,33945469250963963541781051637999677727672635213493648594066577298999471399137,,
2025-10-17 14:34:42+00:00,1760711682,SELL,-1,0.9009998099318544,4.661486,33945469250963963541781051637999677727672635213493648594066577298999471399137,,
2025-10-17 14:34:42+00:00,1760711682,BUY,1,0.9009998099318544,4.661486,33945469250963963541781051637999677727672635213493648594066577298999471399137,,
2025-10-17 14:34:54+00:00,1760711694,SELL,-1,0.9,4.66,33945469250963963541781051637999677727672635213493648594066577298999471399137,,
2025-10-17 14:35:12+00:00,1760711712,SELL,-1,0.9,73.03,33945469250963963541781051637999677727672635213493648594066577298999471399137,,
2025-10-17 14:35:46+00:00,1760711746,SELL,-1,0.9009999975107966,196.448389,33945469250963963541781051637999677727672635213493648594066577298999471399137,,
2025-10-17 14:35:46+00:00,1760711746,BUY,1,0.9009999975107966,196.448389,33945469250963963541781051637999677727672635213493648594066577298999471399137,,
2025-10-17 14:36:14+00:00,1760711774,SELL,-1,0.901,45.0,33945469250963963541781051637999677727672635213493648594066577298999471399137,,
2025-10-17 14:36:14+00:00,1760711774,BUY,1,0.901,45.0,33945469250963963541781051637999677727672635213493648594066577298999471399137,,
2025-10-17 14:36:52+00:00,1760711812,BUY,1,0.9009997513235712,1.109876,33945469250963963541781051637999677727672635213493648594066577298999471399137,,
2025-10-17 14:36:52+00:00,1760711812,SELL,-1,0.9009997513235712,1.109876,33945469250963963541781051637999677727672635213493648594066577298999471399137,,
2025-10-17 14:38:44+00:00,1760711924,SELL,-1,0.901,1140.57,33945469250963963541781051637999677727672635213493648594066577298999471399137,,
2025-10-17 14:38:44+00:00,1760711924,BUY,1,0.901,1140.57,33945469250963963541781051637999677727672635213493648594066577298999471399137,,
2025-10-17 14:38:54+00:00,1760711934,SELL,-1,0.9,1140.57,33945469250963963541781051637999677727672635213493648594066577298999471399137,,
2025-10-17 14:39:16+00:00,1760711956,BUY,1,0.901,1139.31,33945469250963963541781051637999677727672635213493648594066577298999471399137,,
2025-10-17 14:39:16+00:00,1760711956,SELL,-1,0.901,1139.31,33945469250963963541781051637999677727672635213493648594066577298999471399137,,
2025-10-17 14:39:26+00:00,1760711966,SELL,-1,0.9,1139.31,33945469250963963541781051637999677727672635213493648594066577298999471399137,,
2025-10-17 14:39:28+00:00,1760711968,SELL,-1,0.901,11.0,33945469250963963541781051637999677727672635213493648594066577298999471399137,,
2025-10-17 14:39:34+00:00,1760711974,SELL,-1,0.9,11.0,33945469250963963541781051637999677727672635213493648594066577298999471399137,,
2025-10-17 14:39:44+00:00,1760711984,SELL,-1,0.901,1100.0,33945469250963963541781051637999677727672635213493648594066577298999471399137,,
2025-10-17 14:39:44+00:00,1760711984,BUY,1,0.901,1100.0,33945469250963963541781051637999677727672635213493648594066577298999471399137,,
2025-10-17 14:39:50+00:00,1760711990,SELL,-1,0.9,1100.0,33945469250963963541781051637999677727672635213493648594066577298999471399137,,
2025-10-17 14:39:52+00:00,1760711992,SELL,-1,0.9,330.79,33945469250963963541781051637999677727672635213493648594066577298999471399137,,
2025-10-17 14:40:06+00:00,1760712006,SELL,-1,0.901,1100.0,33945469250963963541781051637999677727672635213493648594066577298999471399137,,
2025-10-17 14:40:06+00:00,1760712006,BUY,1,0.901,1100.0,33945469250963963541781051637999677727672635213493648594066577298999471399137,,
2025-10-17 14:40:24+00:00,1760712024,SELL,-1,0.9,1100.0,33945469250963963541781051637999677727672635213493648594066577298999471399137,,
2025-10-17 14:40:50+00:00,1760712050,SELL,-1,0.9,10.0,33945469250963963541781051637999677727672635213493648594066577298999471399137,,
2025-10-17 14:40:56+00:00,1760712056,SELL,-1,0.901,1111.0,33945469250963963541781051637999677727672635213493648594066577298999471399137,,
2025-10-17 14:40:56+00:00,1760712056,BUY,1,0.901,1111.0,33945469250963963541781051637999677727672635213493648594066577298999471399137,,
2025-10-17 14:41:06+00:00,1760712066,SELL,-1,0.9,1111.0,33945469250963963541781051637999677727672635213493648594066577298999471399137,,
2025-10-17 14:41:14+00:00,1760712074,SELL,-1,0.901,50.0,33945469250963963541781051637999677727672635213493648594066577298999471399137,,
2025-10-17 14:41:18+00:00,1760712078,BUY,1,0.901,1134.37,33945469250963963541781051637999677727672635213493648594066577298999471399137,,
2025-10-17 14:41:18+00:00,1760712078,SELL,-1,0.901,1134.37,33945469250963963541781051637999677727672635213493648594066577298999471399137,,
2025-10-17 14:41:20+00:00,1760712080,SELL,-1,0.9,1.12,33945469250963963541781051637999677727672635213493648594066577298999471399137,,
2025-10-17 14:41:24+00:00,1760712084,SELL,-1,0.9,1.94,33945469250963963541781051637999677727672635213493648594066577298999471399137,,
2025-10-17 14:41:26+00:00,1760712086,SELL,-1,0.9,1134.37,33945469250963963541781051637999677727672635213493648594066577298999471399137,,
2025-10-17 14:41:26+00:00,1760712086,BUY,1,0.9,50.0,33945469250963963541781051637999677727672635213493648594066577298999471399137,,
2025-10-17 14:42:10+00:00,1760712130,SELL,-1,0.901,103.14,33945469250963963541781051637999677727672635213493648594066577298999471399137,,
2025-10-17 14:42:10+00:00,1760712130,BUY,1,0.901,103.14,33945469250963963541781051637999677727672635213493648594066577298999471399137,,
2025-10-17 14:42:48+00:00,1760712168,SELL,-1,0.901,45.0,33945469250963963541781051637999677727672635213493648594066577298999471399137,,
2025-10-17 14:42:48+00:00,1760712168,BUY,1,0.901,45.0,33945469250963963541781051637999677727672635213493648594066577298999471399137,,
2025-10-17 14:43:30+00:00,1760712210,BUY,1,0.9009999997820027,1802.774693,33945469250963963541781051637999677727672635213493648594066577298999471399137,,
2025-10-17 14:43:30+00:00,1760712210,SELL,-1,0.9009999997820027,1802.774693,33945469250963963541781051637999677727672635213493648594066577298999471399137,,
2025-10-17 14:43:52+00:00,1760712232,SELL,-1,0.9,250.0,33945469250963963541781051637999677727672635213493648594066577298999471399137,,
2025-10-17 14:43:56+00:00,1760712236,SELL,-1,0.9,1802.77,33945469250963963541781051637999677727672635213493648594066577298999471399137,,
2025-10-17 14:47:04+00:00,1760712424,SELL,-1,0.901,48.05,33945469250963963541781051637999677727672635213493648594066577298999471399137,,
2025-10-17 14:48:20+00:00,1760712500,BUY,1,0.901,50.0,33945469250963963541781051637999677727672635213493648594066577298999471399137,,
2025-10-17 14:48:20+00:00,1760712500,SELL,-1,0.901,50.0,33945469250963963541781051637999677727672635213493648594066577298999471399137,,
2025-10-17 14:49:12+00:00,1760712552,SELL,-1,0.9,1.11,33945469250963963541781051637999677727672635213493648594066577298999471399137,,
2025-10-17 14:49:34+00:00,1760712574,SELL,-1,0.9009999998779784,4622.130964,33945469250963963541781051637999677727672635213493648594066577298999471399137,,
2025-10-17 14:49:34+00:00,1760712574,BUY,1,0.9009999998779784,4622.130964,33945469250963963541781051637999677727672635213493648594066577298999471399137,,
2025-10-17 14:53:24+00:00,1760712804,SELL,-1,0.901,50.0,33945469250963963541781051637999677727672635213493648594066577298999471399137,,
2025-10-17 14:53:24+00:00,1760712804,BUY,1,0.901,50.0,33945469250963963541781051637999677727672635213493648594066577298999471399137,,
2025-10-17 14:54:20+00:00,1760712860,SELL,-1,0.901,50.0,33945469250963963541781051637999677727672635213493648594066577298999471399137,,
2025-10-17 14:54:20+00:00,1760712860,BUY,1,0.901,50.0,33945469250963963541781051637999677727672635213493648594066577298999471399137,,
2025-10-17 14:54:22+00:00,1760712862,SELL,-1,0.9,99.07,33945469250963963541781051637999677727672635213493648594066577298999471399137,,
2025-10-17 14:54:24+00:00,1760712864,SELL,-1,0.9,564.33,33945469250963963541781051637999677727672635213493648594066577298999471399137,,
2025-10-17 14:55:34+00:00,1760712934,BUY,1,0.9009999943901615,116.759155,33945469250963963541781051637999677727672635213493648594066577298999471399137,,
2025-10-17 14:55:34+00:00,1760712934,SELL,-1,0.9009999943901615,116.759155,33945469250963963541781051637999677727672635213493648594066577298999471399137,,
2025-10-17 14:56:06+00:00,1760712966,SELL,-1,0.9009999875301592,27.746946,33945469250963963541781051637999677727672635213493648594066577298999471399137,,
2025-10-17 14:56:06+00:00,1760712966,BUY,1,0.9009999875301592,27.746946,33945469250963963541781051637999677727672635213493648594066577298999471399137,,
2025-10-17 14:56:52+00:00,1760713012,SELL,-1,0.9009999990500885,776.914538,33945469250963963541781051637999677727672635213493648594066577298999471399137,,
2025-10-17 14:56:52+00:00,1760713012,BUY,1,0.9009999990500885,776.914538,33945469250963963541781051637999677727672635213493648594066577298999471399137,,
2025-10-17 14:58:24+00:00,1760713104,SELL,-1,0.9009998702559322,3.329632,33945469250963963541781051637999677727672635213493648594066577298999471399137,,
2025-10-17 14:58:24+00:00,1760713104,BUY,1,0.9009998702559322,3.329632,33945469250963963541781051637999677727672635213493648594066577298999471399137,,
2025-10-17 15:00:46+00:00,1760713246,SELL,-1,0.901,53.0,33945469250963963541781051637999677727672635213493648594066577298999471399137,,
2025-10-17 15:01:08+00:00,1760713268,SELL,-1,0.9,5.6,33945469250963963541781051637999677727672635213493648594066577298999471399137,,
2025-10-17 15:03:04+00:00,1760713384,SELL,-1,0.901,50.0,33945469250963963541781051637999677727672635213493648594066577298999471399137,,
2025-10-17 15:03:04+00:00,1760713384,BUY,1,0.901,50.0,33945469250963963541781051637999677727672635213493648594066577298999471399137,,
2025-10-17 15:08:00+00:00,1760713680,SELL,-1,0.9009997513235712,1.109876,33945469250963963541781051637999677727672635213493648594066577298999471399137,,
2025-10-17 15:08:00+00:00,1760713680,BUY,1,0.9009997513235712,1.109876,33945469250963963541781051637999677727672635213493648594066577298999471399137,,
2025-10-17 15:08:24+00:00,1760713704,SELL,-1,0.901,1109.43,33945469250963963541781051637999677727672635213493648594066577298999471399137,,
2025-10-17 15:08:24+00:00,1760713704,BUY,1,0.901,1109.43,33945469250963963541781051637999677727672635213493648594066577298999471399137,,
2025-10-17 15:08:26+00:00,1760713706,BUY,1,0.9009997513235712,1.109876,33945469250963963541781051637999677727672635213493648594066577298999471399137,,
2025-10-17 15:08:26+00:00,1760713706,SELL,-1,0.9009997513235712,1.109876,33945469250963963541781051637999677727672635213493648594066577298999471399137,,
2025-10-17 15:08:34+00:00,1760713714,SELL,-1,0.9,1109.43,33945469250963963541781051637999677727672635213493648594066577298999471399137,,
2025-10-17 15:08:42+00:00,1760713722,SELL,-1,0.901,1108.2,33945469250963963541781051637999677727672635213493648594066577298999471399137,,
2025-10-17 15:08:42+00:00,1760713722,BUY,1,0.901,1108.2,33945469250963963541781051637999677727672635213493648594066577298999471399137,,
2025-10-17 15:08:56+00:00,1760713736,SELL,-1,0.9,1108.2,33945469250963963541781051637999677727672635213493648594066577298999471399137,,
2025-10-17 15:09:10+00:00,1760713750,SELL,-1,0.901,1000.0,33945469250963963541781051637999677727672635213493648594066577298999471399137,,
2025-10-17 15:09:10+00:00,1760713750,BUY,1,0.901,1000.0,33945469250963963541781051637999677727672635213493648594066577298999471399137,,
2025-10-17 15:09:12+00:00,1760713752,SELL,-1,0.901,1106.97,33945469250963963541781051637999677727672635213493648594066577298999471399137,,
2025-10-17 15:09:12+00:00,1760713752,BUY,1,0.901,1106.97,33945469250963963541781051637999677727672635213493648594066577298999471399137,,
2025-10-17 15:09:20+00:00,1760713760,SELL,-1,0.9,1106.97,33945469250963963541781051637999677727672635213493648594066577298999471399137,,
2025-10-17 15:09:20+00:00,1760713760,SELL,-1,0.9,1000.0,33945469250963963541781051637999677727672635213493648594066577298999471399137,,
2025-10-17 15:09:34+00:00,1760713774,SELL,-1,0.901,1100.0,33945469250963963541781051637999677727672635213493648594066577298999471399137,,
2025-10-17 15:09:34+00:00,1760713774,BUY,1,0.901,1100.0,33945469250963963541781051637999677727672635213493648594066577298999471399137,,
2025-10-17 15:09:40+00:00,1760713780,SELL,-1,0.901,1000.0,33945469250963963541781051637999677727672635213493648594066577298999471399137,,
2025-10-17 15:09:40+00:00,1760713780,BUY,1,0.901,1000.0,33945469250963963541781051637999677727672635213493648594066577298999471399137,,
2025-10-17 15:09:44+00:00,1760713784,SELL,-1,0.9,1100.0,33945469250963963541781051637999677727672635213493648594066577298999471399137,,
2025-10-17 15:09:50+00:00,1760713790,SELL,-1,0.9,1000.0,33945469250963963541781051637999677727672635213493648594066577298999471399137,,
2025-10-17 15:09:54+00:00,1760713794,SELL,-1,0.901,45.0,33945469250963963541781051637999677727672635213493648594066577298999471399137,,
2025-10-17 15:09:54+00:00,1760713794,BUY,1,0.901,45.0,33945469250963963541781051637999677727672635213493648594066577298999471399137,,
2025-10-17 15:10:00+00:00,1760713800,SELL,-1,0.901,1050.0,33945469250963963541781051637999677727672635213493648594066577298999471399137,,
2025-10-17 15:10:00+00:00,1760713800,BUY,1,0.901,1050.0,33945469250963963541781051637999677727672635213493648594066577298999471399137,,
2025-10-17 15:10:06+00:00,1760713806,SELL,-1,0.9,1050.0,33945469250963963541781051637999677727672635213493648594066577298999471399137,,
2025-10-17 15:10:06+00:00,1760713806,BUY,1,0.9,15.91,33945469250963963541781051637999677727672635213493648594066577298999471399137,,
2025-10-17 15:10:06+00:00,1760713806,BUY,1,0.9,280.66,33945469250963963541781051637999677727672635213493648594066577298999471399137,,
2025-10-17 15:10:06+00:00,1760713806,BUY,1,0.9,220.0,33945469250963963541781051637999677727672635213493648594066577298999471399137,,
2025-10-17 15:10:16+00:00,1760713816,SELL,-1,0.901,1000.0,33945469250963963541781051637999677727672635213493648594066577298999471399137,,
2025-10-17 15:10:16+00:00,1760713816,BUY,1,0.901,1000.0,33945469250963963541781051637999677727672635213493648594066577298999471399137,,
2025-10-17 15:10:24+00:00,1760713824,BUY,1,0.9,103.43,33945469250963963541781051637999677727672635213493648594066577298999471399137,,
2025-10-17 15:10:24+00:00,1760713824,SELL,-1,0.9,1000.0,33945469250963963541781051637999677727672635213493648594066577298999471399137,,
2025-10-17 15:10:24+00:00,1760713824,BUY,1,0.9,896.57,33945469250963963541781051637999677727672635213493648594066577298999471399137,,
2025-10-17 15:10:34+00:00,1760713834,SELL,-1,0.901,68.96,33945469250963963541781051637999677727672635213493648594066577298999471399137,,
2025-10-17 15:10:58+00:00,1760713858,BUY,1,0.901,1000.0,33945469250963963541781051637999677727672635213493648594066577298999471399137,,
2025-10-17 15:10:58+00:00,1760713858,SELL,-1,0.901,1000.0,33945469250963963541781051637999677727672635213493648594066577298999471399137,,
2025-10-17 15:11:06+00:00,1760713866,SELL,-1,0.9,1000.0,33945469250963963541781051637999677727672635213493648594066577298999471399137,,
2025-10-17 15:11:06+00:00,1760713866,BUY,1,0.9,1000.0,33945469250963963541781051637999677727672635213493648594066577298999471399137,,
2025-10-17 15:11:08+00:00,1760713868,SELL,-1,0.9,5.68,33945469250963963541781051637999677727672635213493648594066577298999471399137,,
2025-10-17 15:11:08+00:00,1760713868,BUY,1,0.9,5.68,33945469250963963541781051637999677727672635213493648594066577298999471399137,,
2025-10-17 15:11:36+00:00,1760713896,SELL,-1,0.9009998940423701,5.549388,33945469250963963541781051637999677727672635213493648594066577298999471399137,,
2025-10-17 15:11:36+00:00,1760713896,BUY,1,0.9009998940423701,5.549388,33945469250963963541781051637999677727672635213493648594066577298999471399137,,
2025-10-17 15:11:52+00:00,1760713912,SELL,-1,0.9009999940265183,6.026636,33945469250963963541781051637999677727672635213493648594066577298999471399137,,
2025-10-17 15:11:52+00:00,1760713912,BUY,1,0.9009999940265183,6.026636,33945469250963963541781051637999677727672635213493648594066577298999471399137,,
2025-10-17 15:12:04+00:00,1760713924,SELL,-1,0.901,89.43,33945469250963963541781051637999677727672635213493648594066577298999471399137,,
2025-10-17 15:13:10+00:00,1760713990,BUY,1,0.9,10210.1,33945469250963963541781051637999677727672635213493648594066577298999471399137,,
2025-10-17 15:14:28+00:00,1760714068,SELL,-1,0.901,10210.1,33945469250963963541781051637999677727672635213493648594066577298999471399137,,
2025-10-17 15:14:36+00:00,1760714076,SELL,-1,0.901,45.0,33945469250963963541781051637999677727672635213493648594066577298999471399137,,
2025-10-17 15:14:36+00:00,1760714076,BUY,1,0.901,45.0,33945469250963963541781051637999677727672635213493648594066577298999471399137,,
2025-10-17 15:14:44+00:00,1760714084,BUY,1,0.9,45.0,33945469250963963541781051637999677727672635213493648594066577298999471399137,,
2025-10-17 15:14:48+00:00,1760714088,SELL,-1,0.901,3000.0,33945469250963963541781051637999677727672635213493648594066577298999471399137,,
2025-10-17 15:14:48+00:00,1760714088,BUY,1,0.901,3000.0,33945469250963963541781051637999677727672635213493648594066577298999471399137,,
2025-10-17 15:15:18+00:00,1760714118,SELL,-1,0.9,11.46,33945469250963963541781051637999677727672635213493648594066577298999471399137,,
2025-10-17 15:15:18+00:00,1760714118,BUY,1,0.9,11.46,33945469250963963541781051637999677727672635213493648594066577298999471399137,,
2025-10-17 15:15:34+00:00,1760714134,BUY,1,0.9,1227.0,33945469250963963541781051637999677727672635213493648594066577298999471399137,,
2025-10-17 15:15:40+00:00,1760714140,SELL,-1,0.9,220.0,33945469250963963541781051637999677727672635213493648594066577298999471399137,,
2025-10-17 15:15:40+00:00,1760714140,BUY,1,0.9,220.0,33945469250963963541781051637999677727672635213493648594066577298999471399137,,
2025-10-17 15:15:52+00:00,1760714152,SELL,-1,0.9009997513235712,1.109876,33945469250963963541781051637999677727672635213493648594066577298999471399137,,
2025-10-17 15:15:52+00:00,1760714152,BUY,1,0.9009997513235712,1.109876,33945469250963963541781051637999677727672635213493648594066577298999471399137,,
2025-10-17 15:17:22+00:00,1760714242,SELL,-1,0.900999999073628,677.913428,33945469250963963541781051637999677727672635213493648594066577298999471399137,,
2025-10-17 15:17:22+00:00,1760714242,BUY,1,0.900999999073628,677.913428,33945469250963963541781051637999677727672635213493648594066577298999471399137,,
2025-10-17 15:17:36+00:00,1760714256,BUY,1,0.9009999777941796,43.862374,33945469250963963541781051637999677727672635213493648594066577298999471399137,,
2025-10-17 15:17:36+00:00,1760714256,SELL,-1,0.9009999777941796,43.862374,33945469250963963541781051637999677727672635213493648594066577298999471399137,,
2025-10-17 15:18:54+00:00,1760714334,BUY,1,0.9,10.0,33945469250963963541781051637999677727672635213493648594066577298999471399137,,
2025-10-17 15:18:54+00:00,1760714334,BUY,1,0.9,50.0,33945469250963963541781051637999677727672635213493648594066577298999471399137,,
2025-10-17 15:18:54+00:00,1760714334,SELL,-1,0.9,1184.54,33945469250963963541781051637999677727672635213493648594066577298999471399137,,
2025-10-17 15:18:58+00:00,1760714338,SELL,-1,0.9,10.0,33945469250963963541781051637999677727672635213493648594066577298999471399137,,
2025-10-17 15:20:12+00:00,1760714412,SELL,-1,0.9009997513235712,1.109876,33945469250963963541781051637999677727672635213493648594066577298999471399137,,
2025-10-17 15:20:12+00:00,1760714412,BUY,1,0.9009997513235712,1.109876,33945469250963963541781051637999677727672635213493648594066577298999471399137,,
2025-10-17 15:21:28+00:00,1760714488,SELL,-1,0.9009998940423701,5.549388,33945469250963963541781051637999677727672635213493648594066577298999471399137,,
2025-10-17 15:21:28+00:00,1760714488,BUY,1,0.9009998940423701,5.549388,33945469250963963541781051637999677727672635213493648594066577298999471399137,,
2025-10-17 15:22:02+00:00,1760714522,SELL,-1,0.9009999905598138,33.473916,33945469250963963541781051637999677727672635213493648594066577298999471399137,,
2025-10-17 15:22:02+00:00,1760714522,BUY,1,0.9009999905598138,33.473916,33945469250963963541781051637999677727672635213493648594066577298999471399137,,
2025-10-17 15:23:34+00:00,1760714614,SELL,-1,0.9,912.99,33945469250963963541781051637999677727672635213493648594066577298999471399137,,
2025-10-17 15:24:26+00:00,1760714666,SELL,-1,0.9009999613921478,22.197557,33945469250963963541781051637999677727672635213493648594066577298999471399137,,
2025-10-17 15:24:26+00:00,1760714666,BUY,1,0.9009999613921478,22.197557,33945469250963963541781051637999677727672635213493648594066577298999471399137,,
2025-10-17 15:24:46+00:00,1760714686,BUY,1,0.9009999994725736,911.975581,33945469250963963541781051637999677727672635213493648594066577298999471399137,,
2025-10-17 15:24:46+00:00,1760714686,SELL,-1,0.9009999994725736,911.975581,33945469250963963541781051637999677727672635213493648594066577298999471399137,,
2025-10-17 15:25:34+00:00,1760714734,SELL,-1,0.901,1.44,33945469250963963541781051637999677727672635213493648594066577298999471399137,,
2025-10-17 15:25:34+00:00,1760714734,BUY,1,0.901,1.44,33945469250963963541781051637999677727672635213493648594066577298999471399137,,
2025-10-17 15:27:12+00:00,1760714832,SELL,-1,0.9,1.13,33945469250963963541781051637999677727672635213493648594066577298999471399137,,
2025-10-17 15:30:32+00:00,1760715032,SELL,-1,0.9,1.11,33945469250963963541781051637999677727672635213493648594066577298999471399137,,
2025-10-17 15:30:54+00:00,1760715054,SELL,-1,0.901,10.0,33945469250963963541781051637999677727672635213493648594066577298999471399137,,
2025-10-17 15:30:54+00:00,1760715054,BUY,1,0.901,10.0,33945469250963963541781051637999677727672635213493648594066577298999471399137,,
2025-10-17 15:31:00+00:00,1760715060,SELL,-1,0.900999990886002,105.771364,33945469250963963541781051637999677727672635213493648594066577298999471399137,,
2025-10-17 15:31:00+00:00,1760715060,BUY,1,0.900999990886002,105.771364,33945469250963963541781051637999677727672635213493648594066577298999471399137,,
2025-10-17 15:31:52+00:00,1760715112,SELL,-1,0.9009998940423701,5.549388,33945469250963963541781051637999677727672635213493648594066577298999471399137,,
2025-10-17 15:31:52+00:00,1760715112,BUY,1,0.9009998940423701,5.549388,33945469250963963541781051637999677727672635213493648594066577298999471399137,,
2025-10-17 15:33:36+00:00,1760715216,BUY,1,0.9009999994619028,1198.668145,33945469250963963541781051637999677727672635213493648594066577298999471399137,,
2025-10-17 15:33:36+00:00,1760715216,SELL,-1,0.9009999994619028,1198.668145,33945469250963963541781051637999677727672635213493648594066577298999471399137,,
2025-10-17 15:38:16+00:00,1760715496,BUY,1,0.9009999613921478,22.197557,33945469250963963541781051637999677727672635213493648594066577298999471399137,,
2025-10-17 15:38:16+00:00,1760715496,SELL,-1,0.9009999613921478,22.197557,33945469250963963541781051637999677727672635213493648594066577298999471399137,,
2025-10-17 15:38:44+00:00,1760715524,SELL,-1,0.901,853.0,33945469250963963541781051637999677727672635213493648594066577298999471399137,,
2025-10-17 15:39:06+00:00,1760715546,SELL,-1,0.901,8.0,33945469250963963541781051637999677727672635213493648594066577298999471399137,,
2025-10-17 15:39:34+00:00,1760715574,SELL,-1,0.901,1000.0,33945469250963963541781051637999677727672635213493648594066577298999471399137,,
2025-10-17 15:40:00+00:00,1760715600,SELL,-1,0.901,1.44,33945469250963963541781051637999677727672635213493648594066577298999471399137,,
2025-10-17 15:40:00+00:00,1760715600,BUY,1,0.901,1.44,33945469250963963541781051637999677727672635213493648594066577298999471399137,,
2025-10-17 15:41:12+00:00,1760715672,SELL,-1,0.9,16.41,33945469250963963541781051637999677727672635213493648594066577298999471399137,,
2025-10-17 15:41:16+00:00,1760715676,SELL,-1,0.9009999613921478,22.197557,33945469250963963541781051637999677727672635213493648594066577298999471399137,,
2025-10-17 15:41:16+00:00,1760715676,BUY,1,0.9009999613921478,22.197557,33945469250963963541781051637999677727672635213493648594066577298999471399137,,
2025-10-17 15:43:12+00:00,1760715792,SELL,-1,0.901,100.0,33945469250963963541781051637999677727672635213493648594066577298999471399137,,
2025-10-17 15:43:30+00:00,1760715810,SELL,-1,0.9,22.19,33945469250963963541781051637999677727672635213493648594066577298999471399137,,
2025-10-17 15:43:58+00:00,1760715838,SELL,-1,0.9009998940423701,5.549388,33945469250963963541781051637999677727672635213493648594066577298999471399137,,
2025-10-17 15:43:58+00:00,1760715838,BUY,1,0.9009998940423701,5.549388,33945469250963963541781051637999677727672635213493648594066577298999471399137,,
2025-10-17 15:44:34+00:00,1760715874,BUY,1,0.9009998405228687,2.219754,33945469250963963541781051637999677727672635213493648594066577298999471399137,,
2025-10-17 15:44:34+00:00,1760715874,SELL,-1,0.9009998405228687,2.219754,33945469250963963541781051637999677727672635213493648594066577298999471399137,,
2025-10-17 15:44:54+00:00,1760715894,SELL,-1,0.9,5.0,33945469250963963541781051637999677727672635213493648594066577298999471399137,,
2025-10-17 15:45:54+00:00,1760715954,BUY,1,0.895,270.0,33945469250963963541781051637999677727672635213493648594066577298999471399137,,
2025-10-17 15:45:54+00:00,1760715954,BUY,1,0.9,1000.0,33945469250963963541781051637999677727672635213493648594066577298999471399137,,
2025-10-17 15:45:54+00:00,1760715954,BUY,1,0.896,3000.0,33945469250963963541781051637999677727672635213493648594066577298999471399137,,
2025-10-17 15:45:54+00:00,1760715954,BUY,1,0.9,8000.0,33945469250963963541781051637999677727672635213493648594066577298999471399137,,
2025-10-17 15:45:54+00:00,1760715954,BUY,1,0.894,1000.0,33945469250963963541781051637999677727672635213493648594066577298999471399137,,
2025-10-17 15:45:54+00:00,1760715954,BUY,1,0.9,37.05,33945469250963963541781051637999677727672635213493648594066577298999471399137,,
2025-10-17 15:45:54+00:00,1760715954,BUY,1,0.893,20.0,33945469250963963541781051637999677727672635213493648594066577298999471399137,,
2025-10-17 15:45:54+00:00,1760715954,BUY,1,0.893,360.0,33945469250963963541781051637999677727672635213493648594066577298999471399137,,
2025-10-17 15:45:54+00:00,1760715954,SELL,-1,0.8982939057906365,16701.1,33945469250963963541781051637999677727672635213493648594066577298999471399137,,
2025-10-17 15:45:54+00:00,1760715954,BUY,1,0.9,48.99,33945469250963963541781051637999677727672635213493648594066577298999471399137,,
